3120 4816
192 607 244 682 qui
265 605 447 680 Babylonios
468 604 610 664 docuerat
638 606 717 681 apud
738 611 873 667 senatum
893 607 1043 667 accusauit
1064 606 1143 681 quod
1164 603 1284 662 admini-

196 711 335 771 strandae
356 711 534 787 reipublicae
557 710 670 771 ratione
692 711 790 772 derisa
810 717 900 789 atque
924 713 1076 788 exagitata
1096 712 1190 787 ipsam
1211 727 1284 768 rem·

193 813 372 894 publicam²⁸
400 818 448 876 uel
480 817 567 876 sociis
598 835 633 876 ac
661 818 826 894 peregrinis
854 819 893 878 ad
914 816 1101 877 inridendum
1124 815 1284 893 despicien-

194 924 321 999 dumque
343 922 554 1000 proposuisset.
576 921 640 996 Quo
656 923 728 984 (ileo
751 925 922 986 effecturum
937 941 1003 984 sese
1018 940 1153 999 sperasse
1167 922 1285 982 uidetur

193 1033 226 1090 ut
247 1049 305 1089 uon
327 1031 421 1090 solum
443 1029 494 1106 qui
509 1029 708 1091 descendisset
729 1049 824 1108 nuper
838 1030 876 1089 ad
890 1029 1086 1090 accusandum
1099 1029 1284 1105 popularium

192 1136 347 1212 imperium
369 1135 555 1195 adversarius
577 1136 613 1196 de
635 1135 685 1195 uia
706 1154 795 1211 quam
815 1135 900 1196 modo
922 1137 1025 1194 inisset
1048 1134 1213 1195 deiceretur
1233 1135 1286 1196 sed

195 1242 284 1301 etiam
305 1243 462 1302 uniuersae
493 1242 663 1304 comoediae
694 1243 741 1302 uis
770 1247 800 1302 et
821 1245 983 1303 auctoritas
1009 1243 1039 1302 in
1060 1259 1146 1301 omne
1168 1245 1285 1318 tempus

193 1349 434 1425 comprimeretur
454 1367 489 1409 ac
509 1350 706 1426 frangeretur.

294 1455 353 1514 Sed
373 1454 453 1530 quod
473 1455 567 1516 uoluit
587 1456 636 1516 ille
658 1456 777 1531 quidem
798 1462 974 1517 consecutus
994 1462 1132 1517 nonest:
1154 1472 1222 1514 nam
1237 1455 1286 1514 ab·

194 1561 307 1621 solutus
329 1565 374 1620 est
389 1559 573 1621 Callistratus
588 1593 628 1604 -
642 1561 828 1624 multitudine
847 1568 985 1639 quaerat
1003 1567 1066 1623 turn
1088 1563 1117 1621 in
1137 1563 1287 1638 republica

195 1668 369 1727 auctoritate
401 1668 616 1728 iucundissimis
647 1668 863 1729 comoediarum
897 1668 1121 1729 oblectamentis
1156 1667 1287 1727 fraudari

193 1774 324 1834 nolente.

295 1878 380 1952 Quae
407 1898 473 1940 cum
499 1881 542 1940 ita
570 1883 740 1942 euenissent
771 1883 941 1959 insequenti
962 1899 1080 1959 qnoque
1102 1900 1178 1940 anno
1200 1899 1287 1956 quam

195 1979 409 2064 Aristophanes
419 1989 579 2065 scripserat
588 1988 718 2050 fabulam
729 1989 966 2050 Acharnensium
983 1989 1089 2049 docere
1102 1987 1287 2047 Callistratus

194 2111 254 2152 non
277 2093 431 2155 dubitauit.
472 2093 539 2167 Qua
567 2095 597 2154 in
626 2096 777 2155 comoedia
805 2097 1020 2171 Aristophanes
1047 2095 1102 2154 etsi
1130 2093 1288 2153 Callistrati

195 2199 283 2259 amici
308 2200 414 2278 gratia,
445 2199 499 2276 'qui
520 2200 599 2276 qnod
624 2202 711 2261 modo
741 2201 1019 2277 periculosissimum
1051 2201 1149 2260 fuerat
1181 2199 1287 2259 iterum

196 2306 294 2366 subire
316 2325 374 2366 non
395 2311 594 2385 recusauerat,
618 2307 798 2368 moderatius
819 2312 934 2370 locutus
950 2313 1003 2386 est,
1025 2313 1125 2368 tamen
1139 2306 1287 2366 liberrime

197 2417 299 2472 contra
320 2433 356 2475 ea
377 2431 454 2489 quae
483 2415 520 2474 ab
548 2413 671 2474 inimicis
699 2414 730 2472 in
755 2414 887 2491 peiorem
916 2418 1032 2491 partem
1059 2415 1175 2473 detorta
1204 2417 1289 2472 erant

197 2518 426 2594 Babyloniorum
447 2524 598 2581 auctorem
619 2519 760 2580 defendit.

296 2625 360 2684 Iam
381 2644 452 2686 uero
466 2625 638 2702 priusquam
655 2626 853 2686 demonstrem
868 2645 926 2704 quo
941 2625 1061 2687 consilio
1076 2626 1289 2703 Aristophanes

147 2805 151 2810 ,
197 2733 274 2790 hanc
302 2732 535 2792 Acharnensium
564 2733 696 2792 fabulam
727 2732 758 2794 in
784 2750 921 2792 scaenam
949 2733 1135 2810 commiserit,
1167 2733 1289 2792 nuncsi

196 2838 294 2914 placet
315 2856 372 2913 quo
394 2838 503 2899 rectius
524 2839 648 2914 posthac
668 2839 836 2915 certiusque
857 2838 910 2899 fiat
926 2839 1063 2899 iudicium
1084 2844 1289 2916 argumentum

197 2945 316 3006 fabulae
346 2963 422 3021 quae
460 2946 523 3006 sola
554 2965 592 3006 ex
623 2945 717 3006 tribus
749 2945 806 3005 illis
843 2945 1053 3021 antiquissimis
1084 2943 1290 3020 Aristophanis

197 3051 305 3112 fabulis
325 3051 443 3128 integra
471 3051 567 3112 adhuc
593 3056 712 3112 seruata
734 3056 780 3112 est
802 3082 839 3094 -
862 3052 985 3112 actionis
1014 3052 1147 3112 ordinem
1173 3054 1290 3112 secutus

200 3159 354 3218 enarrabo.
831 3217 835 3223 .

299 3265 397 3341 Atque
418 3265 501 3325 initio
523 3263 642 3326 fabulae
656 3266 844 3344 Dicaeopolis
865 3267 952 3326 homo
972 3266 1100 3326 rusticus
1115 3283 1153 3326 ex
1167 3282 1289 3325 numero
1377 3299 1398 3351 l.

201 3389 302 3432 eorum
326 3371 376 3446 qui
404 3373 482 3433 bello
509 3381 612 3432 exorto
645 3390 683 3430 ex
711 3373 791 3448 agris
819 3373 849 3432 in
871 3374 974 3433 urbem
996 3371 1251 3447 confugerant-
1274 3389 1290 3432 e
1313 3369 1467 3449 upiloyoc.

201 3477 286 3536 domo
308 3497 362 3539 sua
382 3478 412 3538 in
433 3478 530 3538 medio
551 3495 678 3539 scaenae
708 3479 825 3553 pariete
854 3479 911 3538 sita
936 3495 1073 3554 egressus
1094 3478 1125 3536 in
1145 3495 1203 3538 uno
1225 3498 1291 3539 con·
1317 3466 1344 3501 ¹¹·
1361 3447 1469 3501 ¹4⁰3·

201 3583 277 3644 sedit
298 3585 502 3646 subselliorum
520 3584 626 3660 quibus
646 3584 852 3661 proscaenium
866 3603 884 3644 a
897 3589 987 3662 poeta
1002 3589 1175 3645 exornatum
1193 3590 1238 3645 est
1259 3589 1292 3644 nt

201 3691 351 3750 uideretur
371 3709 452 3768 pnyx
475 3707 541 3751 esse
555 3691 722 3752 notissimus
736 3689 787 3751 ille
800 3691 882 3752 loeus
902 3691 953 3751 ubi
972 3691 1152 3766 sollemiter
1166 3691 1290 3750 Athenis

201 3796 319 3856 comitia
339 3797 533 3857 habebantur.
563 3795 684 3856 indictis
706 3797 784 3856 enim
805 3797 930 3857 comitiis
958 3798 1109 3858 matutinis
1130 3799 1160 3856 in
1186 3798 1292 3872 quibus

202 3902 239 3962 de
267 3903 448 3978 grauissimis
477 3904 566 3963 rebus
593 3901 807 3962 deliberaretur
836 3902 979 3964 festinans
1007 3905 1056 3964 ille
1089 3905 1139 3965 ubi
1167 3904 1293 3980 primum

201 4009 266 4068 dies
286 4008 392 4068 inluxit
413 4007 544 4069 aduenit.
575 4006 616 4066 At
637 4007 765 4068 nondum
786 4009 877 4069 ceteri
899 4013 1046 4069 uenerunt
1065 4011 1147 4070 ciues
1168 4027 1242 4085 quos
1263 4008 1293 4067 in

305 4235 329 4272 ²⁸
346 4231 415 4286 Xan.
434 4227 469 4283 de
485 4244 544 4299 rep.
562 4227 598 4288 A.
615 4231 641 4300 2,
663 4231 703 4286 18.
723 4230 813 4287 Schol.
831 4231 916 4301 Vesp.
936 4231 1011 4286 1291.
