3120 4816
649 363 852 426 ..11-

205 531 294 624 nique
316 535 467 592 oratorum
488 532 596 592 artium
616 529 824 608 peritissimum
846 549 911 591 esse
933 537 1066 608 apparet.
1097 531 1203 608 Neque
1225 549 1297 590 uero

205 655 265 712 qua
285 640 331 696 est
352 636 494 697 aduersus
515 643 630 714 patrem
645 637 796 713 impietate
810 637 869 695 ullo
891 637 978 696 modo
998 636 1154 696 adducitur
1175 641 1208 696 ut
1222 637 1296 696 uitu-

204 742 389 816 perationem
409 744 539 819 patiatur
560 744 639 804 senis
660 743 814 818 capularis.
837 741 891 801 Oui
914 742 1013 802 iuueni
1034 741 1127 802 frater
1145 743 1297 818 oppositus

205 852 251 907 est
272 879 312 890 -
333 851 396 926 ipse
417 867 534 926 quoque
555 849 709 926 insigniter
730 849 934 909 denominatus
962 848 1121 928 ,,Σώφρων“
1145 850 1195 924 qui
1224 851 1296 908 anti-

205 971 280 1028 quos
301 973 396 1014 mores
424 955 567 1016 aduersus
597 955 681 1015 istius
708 953 875 1015 recentiora
901 972 1045 1014 nouarum
1073 973 1171 1014 rerum
1200 956 1298 1036 studia

206 1059 356 1120 defendat.

304 1167 368 1225 Iam
399 1185 472 1228 uero
499 1166 633 1243 proximo
664 1183 741 1224 anno
764 1165 978 1242 Aristophanes
1005 1184 1071 1225 curra
1102 1167 1297 1228 Daetalenses

205 1274 329 1350 populus
361 1291 426 1334 cum
458 1275 563 1350 plausu
591 1277 765 1350 prosecutus
793 1277 872 1332 esset
901 1274 1052 1349 aliquanto
1083 1273 1200 1349 longius
1230 1292 1295 1350 pro-

205 1395 324 1454 gressus
358 1383 404 1440 est
435 1383 525 1456 atque
555 1379 672 1445 fabulae
702 1397 790 1455 quam
821 1383 891 1439 tunc
923 1380 953 1437 in
982 1397 1119 1440 scaenam
1153 1381 1297 1440 commisit

205 1479 469 1560 Babyloniorum²⁴
490 1489 696 1562 argumentum
717 1503 755 1545 ex
775 1485 847 1562 ipsis
859 1491 1024 1561 temporum
1043 1487 1206 1547 rationibus
1228 1486 1295 1546 ciui-

205 1590 282 1652 libus
304 1592 397 1652 duxit.

303 1697 560 1774 Opportunitatem
592 1697 670 1757 enim
707 1703 825 1758 secutus
863 1715 1035 1772 magnorum
1074 1697 1293 1774 Dionysiorum,

207 1820 331 1878 quorum
352 1805 527 1880 spectaculis
548 1823 614 1864 cnm
634 1804 707 1864 inito
728 1822 799 1864 uere
826 1804 1031 1864 celebarentur
1056 1822 1121 1862 eum
1143 1803 1192 1862 alii
1212 1822 1296 1880 pere-

202 1909 281 1984 grini
301 1911 438 1985 permulti
459 1914 522 1970 tum
544 1909 616 1970 socii
638 1941 677 1952 -
699 1910 810 1970 tributa
831 1909 964 1970 Athenas
992 1909 1122 1970 ferentes
1147 1939 1182 1951 -
1205 1909 1293 1969 inter-

204 2032 270 2074 esse
300 2017 443 2092 solebant,
473 2017 522 2076 ille
553 2016 609 2076 hac
635 2016 787 2076 comoedia
818 2015 976 2076 ostendere
1007 2020 1129 2075 conatus
1159 2019 1204 2074 est
1225 2033 1295 2090 quo-

204 2119 290 2179 modo
312 2121 362 2195 qui
382 2125 444 2181 tum
465 2122 584 2196 quidem
598 2121 724 2182 Athenis
745 2122 923 2182 multitudini
943 2122 1124 2198 imperarent
1138 2123 1310 2198 populares*

205 2231 236 2285 ct
257 2225 335 2285 domi
356 2227 564 2302 rempublicam
585 2227 826 2288 administrarent
847 2232 878 2286 et
898 2227 969 2286 foris
991 2245 1053 2286 rem
1074 2232 1223 2303 gererent.

305 2332 404 2407 Atque
430 2333 572 2408 respectis
606 2334 731 2409 proximi
752 2333 914 2411 superioris
940 2333 1007 2392 anni
1040 2333 1154 2392 euentis
1184 2333 1295 2394 Aristo-

205 2439 318 2513 phanes
345 2438 477 2515 inprimis
509 2439 721 2501 demonstrauit
757 2446 787 2500 et
812 2440 957 2515 quomodo
985 2439 1182 2498 Athenienses
1202 2470 1241 2480 ·-
1255 2445 1295 2500 'ut

205 2549 305 2604 essent
326 2546 436 2606 creduli
459 2550 606 2622 captuque
628 2547 731 2606 faciles
752 2577 793 2588 -
813 2548 979 2622 legatorum
999 2545 1222 2622 peregrinorum
1246 2547 1295 2605 ad-

204 2649 418 2711 sentationibus
438 2652 714 2727 laudationibusque
743 2650 905 2728 magnificis
935 2669 969 2710 ac
995 2651 1156 2728 splendidis
1182 2657 1294 2712 temere

205 2756 424 2830 implicarentur
444 2759 532 2818 rebus
553 2757 729 2833 ancipitibus
751 2762 781 2817 et
797 2758 942 2834 quomodo
964 2757 1034 2817 socii
1055 2759 1092 2818 ab
1110 2759 1173 2832 ipso
1186 2759 1295 2834 populo

203 2859 379 2922 Atheniensi
400 2863 448 2922 uel
469 2879 488 2921 a
508 2862 728 2939 magistratibus
750 2863 813 2923 eius
834 2862 1033 2923 erudeHssime
1054 2867 1269 2939 premerentur.

304 2968 358 3028 lllo
393 2968 469 3027 enim
499 2951 632 3052 tempore
663 2968 863 3029 Athenienses
895 2973 925 3028 et
959 2968 1071 3044 Gorgia
1099 2968 1150 3044 qui
1177 2971 1294 3044 legatus

204 3074 336 3134 Athenas
353 3074 458 3134 missus
470 3081 534 3136 erat
548 3081 668 3136 auctore
678 3076 839 3136 Leontinos
861 3077 1172 3151 contraSyraousanos
1187 3075 1293 3150 uiginti

203 3180 354 3240 instructis
381 3180 548 3241 triremibus
557 3176 584 3220 ²⁵
608 3180 792 3259 adluuerant,
826 3178 897 3259 (quo
922 3181 1001 3241 facto
1032 3181 1141 3242 bellum
1172 3197 1293 3256 prorsus

203 3287 388 3346 immutatum
417 3292 446 3346 et
473 3292 506 3346 ut
534 3287 572 3345 ad
603 3287 676 3346 alias
702 3288 840 3363 regiones
865 3287 907 3376 ita
928 3287 967 3346 ad
986 3286 1141 3346 dissimiles
1162 3287 1293 3348 rationes

204 3393 370 3452 traductum
392 3411 424 3452 er
443 3387 467 3465 t)
489 3425 529 3434 -
551 3397 581 3452 et
602 3394 699 3454 Lesbo
729 3394 767 3452 ad
787 3392 961 3468 obsequium
987 3392 1107 3452 tandem
1133 3391 1254 3452 redacta
1275 3411 1293 3452 a

204 3498 313 3558 Cleone
342 3498 455 3558 incitati
483 3517 572 3574 aegre
599 3519 653 3575 per
682 3499 841 3560 Diodotum
872 3502 957 3558 erant
978 3498 1117 3575 prohibiti
1138 3499 1293 3575 quominus

204 3603 420 3663 crudelissimas
441 3622 554 3680 poenas
575 3623 593 3663 a
613 3605 802 3680 Mitylenaeis
823 3608 980 3664 sumerent.

303 3706 401 3780 Quare
423 3709 453 3767 id
472 3710 654 3785 potissimum
675 3709 705 3768 in
723 3709 952 3784 Babyloniorum
966 3708 1066 3770 fabula
1079 3710 1293 3786 Aristophanes

203 3815 273 3874 mihi
306 3815 403 3891 egisse
432 3816 549 3876 uidetur
585 3821 618 3875 ut
644 3815 842 3877 Athenienses
869 3823 1067 3878 commoneret
1093 3836 1131 3877 ne
1161 3835 1224 3877 rem
1256 3835 1291 3876 eo

303 4051 491 4108 21·Αοὶι.377.
510 4055 569 4108 502.
588 4055 648 4109 633.
666 4071 688 4108 c.
708 4054 798 4110 Schol.
817 4054 852 4112 cf.
870 4053 973 4123 Bergk.
991 4071 1035 4125 ap.
1055 4055 1132 4110 Mein.
1152 4053 1186 4109 ll.
1206 4055 1264 4108 968.

303 4146 326 4180 ²⁵
345 4138 413 4196 Aah.
432 4139 491 4194 634.
510 4140 590 4196 Diod.
610 4141 637 4196 S.
656 4140 718 4196 XlI.
736 4141 778 4197 53.
