3120 4816
638 338 837 400 ..23„..

196 505 437 580 germanissimus
458 505 648 582 sycophanta.
672 505 730 579 uui
751 511 782 568 et
802 509 866 584 ipse
887 507 1037 566 minitatur
1058 523 1091 566 ee
1112 523 1171 566 uon
1193 503 1286 563 solnm

145 585 159 604 ⁸
195 627 309 672 merces
330 610 435 670 Boeoti
454 616 487 670 ut
508 612 583 671 clam
602 611 776 689 importatas
803 614 968 694 ablaturum
999 611 1163 672 sedetiam
1189 609 1286 685 ipsum

192 717 301 778 Boeoti
330 734 436 778 nomen
458 716 623 778 delaturum
645 718 811 794 essequod
834 718 979 794 ellychnia
1000 718 1134 778 Athenas
1154 714 1286 776 attulerit

195 840 319 898 quorum
341 824 389 882 uel
409 840 500 894 unum
524 823 610 884 facile
636 829 730 884 totum
751 826 857 886 nauale
879 829 909 885 et
930 825 1023 900 ipsam
1045 824 1168 884 classem
1188 821 1285 880 incen-

195 926 266 988 dere
287 929 388 1004 possit.
432 927 490 988 Sed
511 929 767 1006 comprehenditur
788 949 806 990 a
826 930 1049 1006 Dicaeopolide:
1071 926 1286 1002 sarmentisque

196 1040 228 1094 ut
250 1034 381 1110 figlinum
406 1053 459 1096 uas
485 1035 639 1112 inligatum
665 1037 876 1114 sycophantam
897 1037 1028 1097 Boeotus
1053 1052 1152 1096 secum
1178 1033 1284 1094 aufert.

295 1138 361 1212 Quo
380 1141 504 1216 probato
525 1146 682 1218 postquam
708 1142 813 1202 chorus
841 1143 936 1203 denno
958 1141 1175 1216 Dicaeopolidis
1195 1138 1285 1199 felici-

195 1250 288 1308 tatem
308 1245 492 1321 praedicauit
512 1247 651 1308 Lamachi
673 1248 799 1309 famulus
820 1249 941 1309 aduenit
962 1245 1204 1323 aDioaeopolide
1225 1249 1284 1305 tur·

195 1352 249 1410 dos
271 1356 422 1427 empturus
443 1355 532 1428 atque
554 1355 714 1430 anguillam
728 1354 885 1432 Oopa'r'oam
901 1354 939 1415 ad
953 1353 1065 1414 Ohoum
1085 1351 1162 1412 diem
1177 1349 1284 1410 festum

195 1455 411 1517 celebrandum.
455 1457 513 1516 Sed
543 1457 640 1519 deriso
674 1459 723 1520 illo
752 1461 935 1536 flagellisque
965 1460 1069 1518 abacto
1098 1455 1284 1532 Dicaeopolis

195 1577 270 1636 quas
291 1578 309 1620 a
328 1561 442 1620 Boeoto
463 1562 534 1622 emit
555 1580 667 1625 merces
689 1565 805 1626 domum
826 1564 904 1625 intro
924 1563 992 1624 fert.

293 1669 380 1728 Nune
401 1685 473 1728 uero
493 1665 700 1728 Acharnenses
731 1663 782 1740 qui
807 1663 864 1722 iam
892 1664 952 1724 suis
978 1663 1068 1724 oculis
1096 1661 1283 1723 beatissimae
1359 1677 1434 1732 vm,

194 1776 275 1853 pacis
297 1775 448 1834 commoda
468 1774 685 1850 perspexerunt
706 1769 825 1830 summis
845 1769 980 1830 laudibus
1000 1769 1187 1846 prudentiam
1200 1784 1283 1844 prae·
1313 1750 1341 1810 2·
1353 1751 1484 1830 >capraria

195 1881 292 1942 dicant
314 1879 391 1938 illius
413 1878 469 1938 uiri
490 1878 540 1954 qui
561 1877 616 1936 hac
637 1893 710 1952 pace
732 1893 819 1952 quam
842 1875 897 1935 sibi
918 1875 1039 1934 ioculari
1055 1879 1119 1936 arte
1133 1876 1283 1952 parauerit
1309 1829 1489 1884 ⁰'97l‘999'

194 1986 327 2046 omnibus
343 1985 482 2045 inuidiam
497 1983 608 2044 fecerit.
631 1983 729 2058 Atque
750 1981 847 2040 mirati
868 1999 900 2041 se
914 1982 1066 2056 ignorasse
1078 1998 1182 2056 pacem
1196 1997 1285 2057 quam

195 2091 317 2169 pulchra
344 2091 420 2151 iacie
449 2094 528 2151 esset
556 2093 586 2148 et
611 2088 763 2166 cupientes
780 2104 820 2162 se
843 2086 870 2146 ei
891 2104 945 2162 per
966 2076 1095 2146 amorem
1116 2087 1198 2162 iungi
1218 2104 1284 2146 cnm

195 2199 242 2258 uel
264 2215 350 2258 sones
370 2197 426 2273 ipsi
447 2197 475 2256 ei
496 2195 583 2255 utiles
604 2193 695 2253 futuri
716 2192 774 2252 sint
794 2192 872 2252 bello
900 2191 979 2267 quod
1007 2191 1090 2253 ebrio
1112 2196 1282 2268 comparant

193 2303 295 2363 iuueni
315 2303 484 2364 turbulento
506 2299 683 2360 maledicunt.

224 2405 229 2410 ’
293 2409 408 2468 Deinde
435 2424 490 2484 per
517 2421 692 2482 praeconem
720 2404 800 2462 ciues
827 2369 990 2463 inuitentur
1010 2402 1049 2463 ad
1070 2401 1183 2464 Ohoum
1205 2403 1282 2464 diem
1377 2421 1427 2476 px,

193 2514 301 2574 festum
321 2511 528 2574 celebrandum
550 2514 579 2570 et
601 2509 640 2568 ad
660 2508 871 2568 instituendum
900 2512 1048 2568 certamen
1075 2509 1194 2569 bibendi
1216 2513 1281 2569 utre
1292 2495 1320 2556 4·
1334 2490 1515 2555 ’Easaodtaoa

194 2620 255 2680 uini
274 2619 424 2696 proposito
453 2618 480 2678 ei
501 2616 552 2695 qui
581 2617 692 2691 primus
722 2613 907 2674 exhausisset
927 2615 1072 2691 poculum.
1095 2614 1161 2688 Quo
1182 2615 1282 2676 audito
1303 2589 1330 2628 η’
1346 2573 1502 2628 10004142

195 2724 318 2784 edomo
349 2724 499 2800 egreditur
520 2722 706 2798 Dicaeopolis
736 2738 848 2780 summo
877 2721 984 2797 gaudio
1019 2721 1162 2782 adfectus.
1205 2725 1283 2784 Dum

195 2833 293 2890 autem
321 2843 398 2906 quae
430 2847 504 2905 opus
535 2831 603 2887 sunt
631 2826 669 2886 ad
695 2825 847 2886 sollemnia
874 2827 1034 2889 laetissime
1056 2829 1233 2889 celebranda
1253 2831 1284 2888 in

195 2939 297 3010 aperto
318 2936 435 3012 copiose
457 2938 494 2997 ab
512 2954 547 2996 eo
561 2938 703 3013 parantur
724 2933 829 2992 chorus
850 2935 1011 3010 obrepente
1032 2935 1144 2995 inuidia
1164 2937 1284 2998 beatum

195 3057 230 3100 ac
250 3040 414 3118 sapientem
436 3042 676 3120 Dicaeopolidem
698 3041 848 3116 praedicat
875 3041 926 3116 qui
953 3041 984 3099 in
1003 3059 1077 3117 pace
1109 3058 1163 3100 sua
1193 3042 1283 3101 abun·

195 3148 269 3207 dans
289 3149 423 3208 omnibus
444 3149 537 3226 copiis
557 3149 634 3208 diem
655 3144 763 3208 festulh
783 3147 864 3208 obire
884 3147 987 3224 possit.

294 3253 353 3314 Sed
374 3253 591 3330 Dicaeopolidis
619 3253 732 3313 laetitia
753 3252 901 3312 sollemnis
922 3253 959 3312 ab
980 3252 1110 3328 agricola
1130 3252 1283 3313 interrum-

195 3359 275 3435 pitur
295 3358 345 3434 qui
367 3376 385 3416 a
405 3359 525 3419 Boeotis
551 3363 676 3435 utroque
704 3360 779 3418 boue
808 3361 892 3433 rapto
917 3357 960 3416 ita
985 3359 1149 3418 lacrimauit
1171 3360 1284 3420 utiam

197 3465 366 3524 caecutiret.
408 3463 507 3536 Quare
536 3464 585 3524 illc
607 3462 846 3540 Dicaeopolidem
874 3467 960 3538 rogat
988 3466 1023 3521 ut
1043 3463 1091 3522 uel
1122 3465 1284 3540 quinquen-

195 3569 268 3628 nalis
282 3570 363 3646 pacis
376 3569 536 3646 pauxillulo
547 3569 602 3630 sibi
613 3571 713 3630 oculos
727 3568 838 3628 oblinat
852 3584 910 3643 quo
925 3568 1075 3627 carissima
1088 3587 1142 3629 sua
1154 3571 1285 3633 iumenta

194 3693 337 3750 quaerere
357 3675 459 3752 possit.
502 3675 544 3734 At
564 3677 595 3734 in
615 3693 688 3752 pace
711 3692 765 3735 sua
786 3691 861 3750 quae
883 3673 932 3732 alii
959 3674 1036 3735 bello
1062 3677 1144 3751 passi
1164 3678 1221 3738 sint
1242 3678 1284 3737 ni·

194 3780 235 3839 hil
251 3799 358 3842 curans
378 3780 565 3858 Dicaeopolis
586 3781 745 3858 agricolam
776 3799 842 3840 cum
873 3780 1012 3842 inrisione
1033 3783 1173 3843 Pittalum
1194 3785 1282 3844 medi-

195 3904 261 3946 cum
281 3886 365 3946 adire
386 3887 478 3946 iubet.
521 3885 559 3945 Se
581 3887 658 3946 eninr
677 3887 833 3963 profitetur
854 3905 910 3948 nec
931 3888 1072 3948 Lamaohi
1093 3895 1207 3951 scutum
1228 3909 1283 3953 nec

195 3992 273 4052 mille
296 3991 449 4058 drachmas
469 3991 679 4068 praebentibus
699 3992 789 4050 ullam
809 3995 925 4076 partem
944 3993 1027 4070 pacis
1048 4011 1137 4072 quam
1157 3997 1212 4058 sibi
1228 3997 1283 4058 soli

195 4098 390 4176 composuerit
410 4117 560 4160 cessurum
582 4117 657 4160 esse.
