3120 4816
671 380 850 442 ,5-

229 553 270 612 illi
298 551 488 629 perfecerunt
516 568 582 610 cum
613 551 656 610 eis
683 550 772 609 rebus
798 565 876 624 quae
902 548 932 607 in
959 547 1056 624 prisca
1088 550 1139 610 illa
1170 550 1321 611 comoedia

229 658 334 720 foedae
356 658 474 719 fuerant
503 660 533 717 et
554 657 681 716 incultae
702 655 864 731 prudenter
885 653 923 712 ad
944 655 1016 714 artis
1042 655 1166 716 formam
1192 657 1321 717 redactis
1375 687 1383 704 ·

229 769 259 824 et
292 764 464 840 temperatis
495 767 557 822 tum
587 763 651 838 ipso
685 761 733 822 illo
766 767 941 836 argumento
973 761 1087 822 abiecto
1118 780 1239 838 prorsus
1270 762 1320 820 im-

229 875 351 931 mutato.

327 977 368 1036 Ut
389 976 468 1036 enim
494 992 595 1034 omnes
623 978 729 1051 poetas
755 991 792 1034 ex
817 973 966 1034 hominum
996 975 1113 1034 omnino
1143 974 1261 1050 ingenio
1290 980 1320 1037 et

228 1082 357 1143 moribus
378 1099 498 1158 operum
520 1084 696 1156 argumenta
710 1097 826 1140 sumere
848 1083 974 1156 oportet,
997 1079 1039 1138 ita
1056 1084 1101 1139 est
1120 1081 1319 1140 scaenicorum

227 1192 383 1264 poetarum
404 1186 510 1247 fabulis
538 1204 609 1246 suae
637 1185 767 1262 ipsorum
796 1184 903 1244 aetatis
931 1185 1016 1260 quasi
1042 1184 1201 1262 imaginem
1224 1186 1321 1262 expri-

228 1311 308 1354 mere
327 1294 369 1352 eis
391 1293 439 1352 uel
461 1292 588 1351 maxime
608 1290 768 1367 propositis
796 1292 885 1351 rebus
911 1308 987 1366 qnae
1017 1308 1130 1350 summa
1159 1294 1318 1352 necessitu-

228 1398 296 1458 dine
319 1416 382 1458 cum
405 1397 509 1457 animis
531 1414 566 1456 ac
583 1396 687 1456 studiis
708 1396 876 1470 aequalium
898 1397 1071 1456 coniunctae
1092 1400 1169 1456 sunt.
1192 1397 1227 1456 Id
1248 1415 1318 1458 nero

227 1505 331 1563 summi
352 1503 394 1564 illi
415 1508 445 1562 et
460 1503 593 1579 germani
615 1507 722 1578 pottae
743 1500 880 1561 Cratinus
903 1507 933 1561 et
953 1500 1075 1577 Eupolis
1095 1501 1257 1578 prudenter
1277 1504 1319 1563 in·

228 1610 378 1670 tellexissc
410 1609 549 1668 uidentur
580 1626 646 1668 eum
679 1610 774 1684 ipsam
805 1608 1013 1684 rempublicam
1046 1625 1135 1682 quam
1171 1609 1236 1684 ipsa
1268 1610 1319 1670 illa

226 1720 325 1774 aetate
346 1714 603 1774 uehementissime
617 1713 742 1788 populus
753 1712 941 1772 Atheniensis
958 1715 1191 1790 amplectebatur
1205 1734 1318 1776 comoe—

226 1822 341 1879 diarum
368 1839 486 1880 suarum
513 1822 599 1896 quasi
627 1824 833 1896 argumentum
861 1819 1004 1880 facerent.
1047 1818 1105 1891 Qui
1126 1821 1318 1883 diuersissimi

225 1926 336 2002 ingenii
357 1927 467 1986 uiribus
494 1931 524 1986 et
555 1931 619 1986 arte
651 1927 771 2002 poetica
801 1926 854 1985 sed
883 1943 970 2000 pares
1000 1926 1096 1985 studio
1126 1927 1261 1988 ueritatis
1283 1947 1318 1988 ac

225 2034 443 2092 consentientes
465 2033 502 2092 de
524 2035 611 2093 rebus
632 2031 767 2090 humanis
789 2033 819 2090 in
840 2031 1048 2107 pertractando
1070 2031 1120 2090 illo
1142 2039 1316 2108 argumento

224 2140 254 2198 id
274 2139 431 2215 praecipue
453 2140 627 2215 spectabant
638 2143 671 2198 ut
687 2138 817 2199 dolorem
834 2138 1094 2212 imitationemque
1111 2139 1200 2197 animi
1211 2140 1316 2215 quibus

225 2244 334 2304 adfecti
355 2248 439 2324 erant
461 2245 631 2321 deprauatis
652 2263 724 2304 snae
746 2244 853 2305 aetatis
876 2243 1005 2303 moribus
1026 2243 1056 2302 in
1074 2261 1217 2304 summam
1239 2243 1315 2306 dica-

226 2352 344 2411 citatem
365 2356 395 2410 et
417 2352 608 2412 acerbitatem
630 2349 814 2412 effunderent
827 2381 864 2390 —
883 2368 1076 2427 quaecunque
1098 2351 1205 2411 uitiosa
1226 2352 1315 2411 anim·

223 2455 418 2517 aduertebant
454 2464 484 2517 et
513 2457 603 2517 noxia
638 2457 667 2516 in
705 2459 794 2517 rebus
827 2458 877 2517 uel
912 2457 1037 2532 publicis
1066 2457 1115 2516 uel
1148 2456 1315 2518 domesticis

222 2563 354 2637 grauiter
375 2568 405 2623 et
425 2563 572 2624 liberrime
594 2566 732 2623 notantes
753 2567 843 2637 atque
863 2563 1108 2638 perstringentes.

263 2671 267 2677 ’
320 2669 384 2728 Iam
404 2687 476 2730 uero
492 2669 570 2730 idem
582 2669 654 2729 illud
667 2673 872 2744 argumentum
888 2669 1093 2744 grauissimum
1100 2669 1314 2747 Aristophanes

222 2772 337 2834 illorum
359 2776 451 2835 aetati
472 2793 582 2852 suppar
595 2769 713 2835 ‘maiore
736 2774 824 2834 etiam
846 2774 952 2834 ardore
978 2779 1067 2850 atque
1094 2777 1231 2836 libertate
1253 2793 1312 2836 am-

222 2881 328 2956 piexus
344 2892 389 2941 est
404 2886 434 2941 et
449 2899 514 2942 cum
537 2883 664 2942 omnium
685 2882 736 2957 qni
757 2885 826 2940 ante
848 2899 915 2940 eum
937 2883 1115 2956 scripserant
1135 2882 1311 2960 comoedias,

222 2985 335 3045 Cratini
356 2987 488 3062 inprimis
503 2992 533 3048 et
547 2981 733 3064 Eupolidis²⁰
754 2987 879 3046 uirtutes
900 2987 955 3046 sibi
975 2988 1142 3063 parauisset
1160 2989 1232 3048 uitia
1254 2990 1313 3050 eni-

221 3097 313 3152 tasset
333 3091 428 3169 ipsam
450 3094 630 3153 comoediam
653 3093 761 3154 eximia
788 3097 852 3152 arte
879 3096 909 3152 et
936 3095 1170 3168 praeclarissimo
1192 3097 1310 3171 ingenio

222 3196 259 3255 ad
280 3215 421 3258 summam
441 3199 653 3275 perfectionem
674 3198 822 3276 perduxit.

320 3302 403 3375 Quae
425 3309 524 3364 autem
544 3304 595 3362 illa
615 3308 714 3364 aetate
732 3309 938 3380 argumentum
966 3310 1031 3365 erat
1062 3307 1229 3367 comoediae
1251 3327 1311 3369 res-

220 3410 336 3484 publica
357 3409 545 3470 Atheniensis
567 3412 721 3470 immutata
740 3428 860 3487 prorsus
882 3416 912 3470 et
935 3411 965 3469 in
987 3430 1132 3472 summum
1153 3413 1308 3476 discrimen

206 3519 325 3578 uocata
346 3521 418 3576 erat.

318 3620 489 3696 Antiquitus
509 3623 586 3682 enim
608 3641 674 3682 cum
695 3624 824 3684 moribus
846 3625 1071 3686 Atheniensium
1092 3627 1196 3686 animis
1212 3628 1309 3690 mode·

219 3727 352 3787 rantibus
381 3734 411 3787 et
437 3729 522 3805 quasi
541 3729 665 3788 uinculis
691 3731 909 3791 continentibus
935 3763 974 3780 .-
1002 3731 1101 3809 legum
1122 3734 1309 3795 oboedientia

128 3899 133 3908 ,
218 3851 292 3893 uera
312 3834 531 3895 existimaretur
550 3835 673 3896 libertas
687 3837 752 3914 ipsa
773 3839 938 3914 respublica
958 3843 1044 3899 tanta
1064 3841 1239 3902 auctoritate
1253 3842 1309 3903 fuit

219 3945 253 3999 ut
273 3939 380 4001 ciuium
401 3945 582 4002 uoluntatem
611 3948 701 4020 atque
729 3945 881 4006 arbitrium
903 3945 1063 4008 cohiberet.
1106 3946 1171 4019 Qua
1192 3949 1254 4008 sola
1275 3968 1307 4010 re

317 4165 341 4202 ²⁰
358 4161 392 4218 A.
411 4163 454 4220 W.
474 4181 498 4218 v.
519 4151 652 4234 Scfflcgel,
670 4165 775 4223 Vorles.
795 4157 839 4223 uo.
857 4169 940 4224 duam
960 4169 995 4225 K.
1013 4187 1038 4225 u.
1059 4169 1088 4226 L.
1107 4172 1127 4226 Ι.
1146 4172 1206 4228 314.
