3120 4816
745 419 949 481 „20-

305 601 422 660 qnoque
443 584 513 644 belli
535 584 780 646 studiosissimum
802 587 872 647 facit
894 591 997 647 contra
1016 586 1130 663 patriae
1146 586 1327 664 proditorem
1348 587 1399 662 qui

306 690 416 752 diutius
450 690 509 749 iam
545 691 725 767 reipublicae
760 693 936 754 Atheniensi
972 691 1157 753 maledixerit
1192 693 1221 751 in
1257 692 1398 752 auxilium

306 800 422 856 uocant.

387 902 487 979 Atque
508 902 607 980 prodit
628 903 676 964 ille
698 911 782 965 scuto
804 923 955 982 gorgoneo
977 906 1155 982 cristataque
1174 907 1262 982 galea
1275 905 1398 964 ridicule

304 1009 464 1069 instructus
491 1008 615 1069 edomo
643 1027 698 1070 sue
726 1011 810 1070 iurta
841 1013 958 1072 domum
986 1011 1204 1087 Dicaeopolidis
1232 1013 1298 1071 sita,
1340 1012 1398 1070 llio

305 1132 376 1176 uero
407 1116 542 1191 quamuis
573 1133 680 1192 magno
709 1123 822 1178 terrore
850 1118 945 1194 primo
967 1135 999 1178 se
1021 1117 1169 1178 adiectum
1191 1119 1307 1177 simulet
1328 1133 1398 1176 mox

304 1226 407 1298 aperte
436 1241 502 1283 eum
530 1223 668 1284 deridens
693 1223 823 1284 declarat
846 1225 954 1300 optime
976 1242 1008 1284 se
1030 1224 1104 1284 scire
1126 1242 1251 1300 quocum
1272 1241 1320 1284 res
1341 1225 1398 1283 sibi

305 1329 351 1387 sit.
393 1329 461 1388 Non
483 1331 635 1406 magnios
657 1330 755 1391 facere
777 1330 933 1406 profitetur
958 1331 1034 1392 illius
1063 1336 1093 1392 et
1113 1337 1278 1392 ceterorum
1306 1348 1399 1406 popu·

304 1434 408 1494 larium
440 1435 556 1495 ciuilem
588 1437 737 1497 uirtutem.
780 1438 872 1498 Immo
903 1455 1007 1515 pacem
1035 1439 1076 1498 ait
1106 1427 1178 1498 sest
1196 1436 1397 1515 composuisse
1424 1423 1430 1434 ’

305 1541 383 1615 qnod
411 1541 534 1602 uidisset
562 1543 612 1618 qui
644 1561 747 1604 ornnes
768 1544 837 1604 belli
858 1545 974 1605 labores
995 1546 1142 1604 subissent
1163 1545 1293 1604 seniores
1315 1543 1397 1602 uiros

304 1647 429 1722 optimos
457 1648 593 1708 mercede
624 1648 776 1709 fraudatos
799 1654 829 1709 et
851 1667 870 1708 a
890 1651 980 1710 rebus
1000 1649 1123 1726 publicis
1142 1650 1319 1728 prohibitos,
1336 1656 1398 1710 tur·

303 1753 439 1814 bulentos
460 1759 560 1814 autern
581 1755 645 1815 illos
666 1773 701 1815 ac
722 1773 819 1815 rerum
841 1773 982 1816 nouarum
1005 1755 1151 1816 studiosos
1168 1755 1291 1816 iuuenes
1305 1755 1397 1816 ducos

305 1864 335 1920 et
355 1861 470 1936 legatos
491 1861 585 1920 iactos
606 1866 639 1920 ut
660 1879 762 1922 omues
778 1881 815 1921 ex
829 1863 917 1922 rebus
932 1862 1056 1940 publicis
1071 1861 1183 1920 inlotus
1198 1861 1394 1938 perciperent.

304 1964 403 2038 Quare
424 1967 588 2027 mirandum
609 1985 668 2028 uon
690 1985 754 2028 esse
776 1967 856 2044 quod
877 1967 952 2028 adeo
974 1969 1023 2027 isti
1042 1967 1121 2028 bello
1143 1968 1271 2028 faueant.

402 2073 442 2132 Et
462 2072 508 2133 his
529 2073 625 2143 causis
654 2075 743 2133 etiam
771 2074 891 2150 reliquis
913 2074 1150 2134 Acharnensibus
1175 2075 1316 2134 conuictis
1337 2075 1395 2133 La-

304 2179 424 2241 machus
443 2180 553 2240 talibus
574 2179 682 2240 ciuium
702 2181 865 2241 rationibus
886 2180 1095 2256 rempublicam
1116 2181 1145 2238 in
1161 2197 1305 2240 summum
1318 2181 1395 2258 peri-

303 2287 400 2347 culum
421 2286 521 2346 uocari
542 2287 649 2345 elamat
670 2290 700 2347 et
721 2287 751 2345 in
773 2303 873 2346 omnes
897 2286 997 2346 hostes
1023 2285 1136 2361 patriae
1162 2284 1243 2346 urbis
1263 2287 1393 2362 flagrans

303 2397 537 2469 perpetuumque
565 2392 664 2452 odium
690 2392 841 2469 professus
869 2392 940 2453 abit.
983 2392 1170 2470 Dicaeopolis
1191 2409 1263 2452 uero
1285 2383 1394 2450 iamin

302 2513 376 2572 pace
397 2515 452 2558 sua
472 2499 606 2558 omnibns
627 2497 848 2575 Peloponnesiis
870 2497 1093 2572 Megarensibus
1113 2499 1235 2558 Boeotis
1255 2499 1285 2556 in
1306 2515 1395 2588 riego-

302 2603 410 2663 tiorum
438 2604 612 2664 commercia
639 2601 740 2663 uenire
769 2603 858 2663 licere
879 2604 1066 2678 pronuntiat:
1089 2604 1167 2663 solos
1188 2605 1292 2664 abesse
1314 2603 1395 2664 iubet

305 2727 355 2769 cos
376 2709 426 2786 qui
442 2709 621 2770 Lamachum
643 2710 735 2771 secuti
756 2711 834 2771 bello
856 2727 974 2786 operam
996 2709 1075 2768 dent.
1098 2711 1174 2768 'lum
1196 2709 1259 2786 ipse
1276 2725 1395 2785 quoque

304 2817 421 2876 domum
441 2815 541 2876 intrat.

164 2945 213 3000 pp⁸
403 2923 438 2982 In
467 2923 604 3000 parabasi
636 2941 712 2997 quac
744 2940 821 2982 nuno
850 2923 983 2999 sequitur
1011 2921 1166 2982 uniuersus
1197 2921 1324 2998 denique
1357 2923 1396 2982 ad

117 3018 462 3096 uarddoorrsanitatem
482 3028 641 3104 perductus
663 3027 768 3088 chorus
788 3027 914 3103 primum
935 3046 1039 3104 pacem
1060 3046 1078 3087 a
1100 3027 1307 3105 Dicaeopolide
1329 3047 1395 3087 cnm

115 3111 140 3148 u.
149 3096 294 3151 ⁰²6'718'
303 3136 525 3214 Peloponnesiis
554 3136 733 3209 Boeotisque
766 3135 957 3211 compositam
991 3136 1105 3210 probat.
1157 3134 1274 3194 Deinde
1295 3139 1396 3194 autem

304 3259 371 3302 eum
391 3241 433 3300 ait
454 3241 505 3317 qui
525 3241 600 3300 hanc
621 3240 752 3300 fabulam
782 3241 930 3300 docuisset
956 3257 1124 3316 quanquam
1150 3239 1302 3315 hucusque
1323 3240 1396 3300 illud

303 3366 452 3425 nunquam
482 3347 602 3408 fecisset
630 3351 730 3408 tamen
757 3347 939 3407 inimicorum
967 3347 1119 3407 calumniis
1149 3347 1306 3407 adductum
1329 3364 1396 3406 esse

303 3461 335 3514 ut
356 3456 414 3516 iam
435 3455 498 3530 ipse
520 3454 557 3513 de
579 3471 611 3513 se
632 3455 725 3514 uerba
755 3453 867 3513 iaceret
896 3457 925 3512 et
952 3471 1040 3528 quam
1068 3453 1219 3529 praeclare
1247 3453 1283 3512 de
1311 3471 1395 3530 repu·
1479 3451 1484 3462 '

302 3562 378 3622 blica
406 3561 563 3622 meruisset
594 3560 707 3620 ciuibus
739 3560 964 3620 demonstraret.
1007 3561 1047 3619 Et
1074 3577 1146 3618 sane
1179 3559 1282 3618 melius
1314 3559 1395 3618 illurn

303 3666 421 3742 quidem
451 3685 536 3728 senes
564 3665 771 3726 Acharnenses
799 3665 972 3743 praedicant
993 3665 1093 3743 populi
1114 3664 1273 3724 commodis
1294 3683 1397 3725 consu*

302 3774 392 3834 luisse
413 3792 502 3849 quarn
523 3791 625 3833 omnes
648 3772 719 3832 istos
740 3771 909 3832 laudatores
931 3771 1193 3847 adsentatoresque
1215 3772 1266 3847 qui
1286 3771 1316 3830 in
1330 3770 1394 3831 foro

302 3881 418 3957 publico
430 3880 669 3940 immoderatione
684 3879 841 3938 uerborum
854 3879 1036 3938 exsultantes
1050 3878 1175 3954 patriam
1191 3880 1293 3938 urbem
1307 3875 1394 3935 laude

302 3985 427 4046 ridicula
449 3988 634 4046 exornarent.
663 3983 759 4043 Huius
780 3989 879 4044 autem
899 3979 1020 4045 fabulae
1042 3984 1190 4044 doctorem
1212 3983 1273 4042 solo
1295 3999 1395 4040 amore

303 4092 417 4167 patriae
440 4090 559 4151 ductum
579 4089 712 4150 modeste
734 4107 769 4149 ac
790 4090 940 4166 sapienter
960 4089 1189 4150 Atheniensibus
1204 4087 1314 4165 optima
1329 4103 1395 4146 con-

304 4197 369 4255 silia
399 4196 514 4256 dedisse
541 4214 578 4256 ne
600 4213 618 4253 a
638 4195 803 4272 peregrinis
826 4213 858 4256 se
879 4196 963 4256 uanis
991 4195 1139 4256 blanditiis
1168 4193 1262 4268 decipi
1283 4193 1395 4317 pcg'cu-
