3120 4816
679 327 861 388 ..7-

225 491 286 552 ficis
307 509 373 551 cum
395 500 569 570 argumento
590 493 706 554 artificii
727 528 767 538 -
789 496 918 556 animum
938 515 997 557 non
1019 498 1113 557 solum
1130 515 1196 558 cum
1218 499 1313 558 delec-

225 599 337 659 tatione
356 601 455 676 aliqua
475 605 575 660 mouet
596 602 647 661 sed
671 601 759 661 etiam
781 602 991 661 humanissima
1014 603 1141 679 quadam
1163 605 1317 679 uoluptate

226 704 335 764 arlficit.
379 705 465 766 Unde
487 707 557 766 mihi
579 707 697 783 quidem
719 709 885 768 manauisse
910 710 1028 769 uidetur
1058 708 1196 769 diuturna
1217 711 1266 768 illa
1288 715 1319 771 et

227 810 311 885 quasi
332 815 453 871 aeterna
479 813 524 872 uis
552 812 770 872 comoediarum
797 813 1005 888 Aristophanis
1033 819 1065 874 ut
1086 832 1146 890 qua
1166 815 1230 891 ipse
1251 834 1317 875 con-

226 916 332 976 oitatus
354 923 398 978 est
420 918 531 994 ingenii
552 935 666 978 summa
687 917 883 980 delectatione
898 920 1010 980 animos
1028 922 1157 981 omnium
1178 922 1229 996 qui
1251 940 1316 981 eum

227 1022 337 1084 adeunt
356 1021 475 1096 penitus
496 1023 654 1098 perfundat
682 1025 757 1085 adeo
779 1030 811 1084 ut
837 1025 1049 1085 obliuiscantur
1070 1030 1101 1085 et
1122 1027 1167 1086 sui
1188 1027 1317 1103 ipsorum

228 1133 257 1188 ct
277 1145 376 1187 rerum
397 1127 591 1189 humdnarum
613 1130 770 1191 ueritatem
790 1136 880 1206 atque
903 1131 1062 1191 miseriam.

325 1233 411 1307 Quod
442 1253 584 1296 summum
613 1242 643 1298 et
669 1238 934 1314 praeclarissimum
955 1237 1027 1297 artis
1046 1238 1230 1315 propositum
1251 1238 1314 1298 Ari-

226 1341 385 1418 stophanes
406 1342 552 1402 interdum
574 1344 669 1404 minus
692 1343 809 1404 uidetur
829 1344 986 1404 adsecutus
1002 1361 1067 1403 esse
1089 1343 1239 1419 inprimis
1261 1344 1317 1404 illis

227 1465 301 1523 quus
321 1451 612 1509 commemorauimus
634 1450 791 1510 comoediis
807 1468 873 1510 cum
887 1468 945 1526 quo
963 1455 1027 1510 erat
1037 1449 1158 1510 iuuenili
1171 1449 1275 1510 ardore
1288 1455 1319 1510 et

228 1556 339 1631 impetu
361 1555 490 1614 omnium
511 1572 609 1615 rerum
630 1556 715 1615 ruina
736 1574 771 1614 ac
792 1557 859 1616 labe
888 1573 1001 1615 summo
1029 1556 1188 1615 etiamtunc
1217 1556 1317 1616 dolore

227 1662 402 1721 adficeretur
423 1662 548 1722 necdum
569 1661 608 1720 ad
627 1639 871 1745 tradquillitatem
889 1661 1128 1737 aequitatemque
1143 1662 1231 1721 animi
1253 1680 1318 1737 per-

227 1767 330 1827 uenire
356 1773 466 1844 posset.
509 1769 627 1828 Etenim
656 1769 750 1828 dolori
776 1773 890 1828 tantum
923 1772 953 1829 et
986 1767 1084 1828 animo
1117 1786 1170 1828 suo
1200 1768 1319 1828 inritato

228 1877 434 1950 obtemperans
466 1875 608 1952 quidquid
636 1878 666 1934 in
694 1875 759 1953 ipso
791 1880 856 1935 erat
884 1875 943 1935 odii
974 1875 1141 1952 grauissimi
1170 1875 1319 1934 acerbissi-

228 1982 326 2056 mique
345 1982 493 2042 liberrime
515 1983 564 2042 ille
585 1982 704 2058 quidem
731 1982 773 2040 in
792 1983 838 2042 his
862 1981 964 2058 primis
992 1981 1151 2042 comoediis
1177 1981 1320 2041 aduersus

228 2105 306 2146 noua
327 2105 398 2147 suae
421 2089 527 2147 aetatis
550 2089 646 2148 studia
667 2087 801 2165 protulit.

327 2194 467 2254 Attamen
489 2195 566 2254 inter
586 2194 650 2254 illas
682 2194 848 2254 comoedias
874 2193 995 2271 propius
1024 2194 1164 2254 recedere
1192 2194 1320 2255 arbitror

228 2302 265 2360 ab
294 2300 343 2358 illa
367 2301 549 2377 perfectione
578 2319 666 2376 quam
696 2305 802 2376 postea
826 2299 1041 2374 Aristophanes
1071 2305 1246 2360 consecutus
1273 2303 1319 2360 est

228 2407 460 2466 Acharncnsium
481 2406 624 2467 fabulam:
646 2407 754 2483 quippe
775 2424 853 2480 quae
874 2406 932 2465 iam
949 2405 1018 2464 inde
1040 2405 1164 2481 eprimo
1185 2405 1319 2466 initio-
1381 2427 1384 2430 ·

229 2513 349 2572 iuuenta
369 2513 446 2592 inter
467 2513 608 2573 tumultus
628 2513 748 2574 bellicos
777 2511 864 2572 unius
894 2510 1021 2570 hominis
1047 2529 1120 2587 pace
1141 2512 1259 2588 priuata
1280 2543 1319 2554 -

229 2623 315 2677 extra
334 2619 417 2695 leges
438 2620 682 2695 condicionesque
711 2619 792 2679 uitae
824 2619 970 2679 humanae
998 2620 1077 2679 elata
1097 2619 1181 2694 quasi
1202 2619 1232 2677 in
1253 2637 1318 2695 per-

228 2726 522 2802 petrdtatoquadam
543 2745 641 2787 rerum
661 2727 815 2804 ingeniose
836 2725 971 2786 fictarum
993 2731 1138 2786 uersetur.

329 2832 388 2892 Sed
410 2833 500 2892 etiam
521 2833 600 2892 aliud
621 2831 692 2908 quid
712 2832 793 2908 quod
813 2851 870 2892 non
893 2838 954 2892 tam
974 2832 1094 2907 ingenio
1111 2836 1140 2892 ct
1153 2836 1217 2892 arte
1232 2850 1320 2907 quam

229 2941 325 2998 animo
346 2939 512 2998 continetur
533 2938 745 3016 Aristophanes
767 2957 860 3015 acque
883 2940 913 2998 in
928 2940 1061 3000 omnibus
1083 2939 1144 2999 suis
1164 2937 1321 2998 comoediis

136 3083 139 3088 ι
230 3051 402 3122 persecutus
425 3051 480 3106 est.

328 3155 383 3213 list
404 3153 482 3213 enim
503 3154 587 3229 quasi
609 3155 703 3214 altera
724 3171 793 3230 pars
815 3152 903 3213 officii
923 3158 1078 3228 po'e'tarum
1100 3157 1132 3212 ut
1153 3169 1212 3212 non
1235 3150 1321 3211 modo

231 3260 287 3320 sibi
308 3261 378 3319 solis
404 3265 439 3320 ut
465 3259 508 3318 ita
530 3260 624 3320 dicam
652 3260 823 3320 satisfacere
852 3259 990 3320 studeant
1016 3263 1123 3334 poetae
1154 3259 1207 3318 sed
1233 3259 1322 3317 ctiam

232 3367 394 3425 animorum
416 3385 516 3426 eorum
538 3369 588 3442 qui
609 3367 710 3442 legant
731 3368 781 3426 uel
796 3366 918 3426 audiant
931 3367 1076 3428 rationem
1089 3364 1219 3425 habeant
1233 3367 1322 3440 atque

230 3472 261 3531 id
282 3477 417 3549 spectent
445 3477 478 3532 ut
507 3476 642 3532 auctores
668 3472 714 3531 his
743 3471 861 3547 quidem
894 3471 1024 3530 existant
1053 3470 1228 3547 optimorum
1257 3488 1322 3529 con-

231 3579 372 3638 ciliorum.

331 3683 432 3761 Atque
463 3687 506 3746 ita
536 3685 749 3763 Aristophanes
781 3685 831 3761 qui
866 3684 896 3743 in
927 3684 1035 3743 ciuium
1068 3701 1186 3743 suorum
1219 3683 1324 3741 animis

231 3791 414 3868 praeclaram
436 3791 584 3867 quandam
604 3796 695 3867 atque
715 3793 843 3866 ingenuo
871 3790 987 3850 homine
1014 3790 1215 3866 dignissimam
1242 3806 1324 3864 spem

232 3899 377 3958 collocans
398 3899 514 3973 reliqua
535 3897 656 3958 meliora
678 3897 741 3956 lore
763 3913 912 3971 nunquam
934 3897 1112 3972 desperabat
1129 3896 1180 3954 uhi
1200 3894 1325 3970 primum

232 4001 477 4062 adscribendum
501 4020 532 4062 se
562 4002 685 4062 contulit
715 4001 746 4060 id
775 4001 923 4077 agendum
951 4001 1006 4062 sibi
1034 4001 1064 4059 in
1086 4001 1244 4060 comoediis
1265 4000 1326 4058 suis

233 4109 384 4169 coustituit
404 4113 438 4170 ut
458 4109 636 4185 reipublicae
657 4109 776 4169 utilitati
796 4106 922 4169 seruiret
937 4111 967 4167 et
989 4107 1095 4170 ciuium
1110 4123 1228 4167 suorum
1250 4123 1325 4166 com-
