3120 4816
706 359 909 420 ..24-

365 527 425 588 Vix
445 531 545 586 autem
566 543 666 588 rursus
688 525 726 586 ad
748 528 850 602 epulas
870 526 1057 602 appar-undas
1076 545 1108 588 se
1128 528 1273 588 conuertit
1288 529 1358 589 dum

266 634 372 695 chorus
393 651 511 712 quoque
532 651 565 694 se
586 633 764 694 esurientem
792 634 851 691 iam
879 633 1009 693 declarat
1040 651 1106 692 cum
1136 633 1358 712 paranymphus
1407 605 1422 626 ’

264 740 363 818 prodit
384 758 472 817 quem
491 740 696 818 paranympha
716 758 733 800 e
754 739 882 816 uestigio
903 739 1074 816 insequitur.
1116 741 1157 800 At
1176 739 1287 799 trustra
1307 741 1357 802 ille

266 847 322 908 etsi
351 863 450 906 assum
476 846 575 906 attulit
602 845 639 906 de
660 861 763 904 mensa
789 844 914 920 nuptiali
935 861 953 902 a
973 845 1182 922 Dicaeopolide
1203 846 1285 922 pacis
1306 846 1357 905 ali·
1456 899 1459 904 .

265 952 336 1029 quid
355 953 431 1030 petit
452 969 489 1012 ue
511 968 589 1011 nouo
610 951 716 1010 marito
735 949 979 1027 proficiscendum
1000 951 1039 1012 sit
1060 953 1090 1011 in
1111 953 1230 1013 bellum.
1266 953 1354 1010 Para-

264 1059 395 1135 nympha
415 1063 514 1118 autem
535 1076 594 1118 non
615 1057 710 1117 solum
732 1056 852 1116 auribus
873 1056 1090 1134 Dicaeopolidis
1118 1057 1283 1118 admittitur
1304 1059 1357 1118 sed

265 1165 354 1225 etiam
385 1165 467 1242 pacis
493 1169 635 1240 quantum
663 1162 756 1223 uoluit
783 1162 889 1239 accipit
915 1163 1053 1238 quoniam
1082 1180 1210 1240 aequum
1237 1163 1275 1224 sit
1295 1181 1357 1226 mu·

264 1270 352 1332 lieres
373 1270 411 1332 de
432 1271 501 1332 belli
522 1269 738 1331 calamitatibus
760 1268 859 1329 eximi.
883 1269 981 1344 Atque
999 1273 1147 1344 postremo
1170 1269 1357 1346 Dicaeopolis

264 1376 293 1437 ei
313 1376 458 1452 praecipit
478 1373 624 1452 quomodo
645 1391 705 1451 pax
725 1374 776 1434 illa
793 1391 888 1434 nouae
903 1379 1012 1450 nuptae
1028 1373 1194 1435 adhibenda
1208 1376 1246 1435 sit
1261 1375 1357 1436 denuo

264 1481 405 1543 militibus
425 1485 514 1542 noctu
534 1480 573 1540 ad
593 1481 702 1540 bellum
724 1479 864 1540 euocatis.

364 1611 405 1672 At
425 1611 476 1671 uix
497 1611 539 1670 illi
560 1610 698 1671 abierunt
712 1627 778 1672 cum
792 1609 889 1670 subito
904 1612 979 1671 truci
994 1612 1076 1672 uultu
1097 1610 1216 1671 nuntius
1237 1609 1357 1671 aduolat

264 1717 445 1780 Lamachum
473 1735 582 1778 uocans
611 1733 698 1793 quem
725 1715 880 1777 confestim
901 1719 1052 1793 angustias
1073 1717 1219 1794 praesidio
1240 1716 1357 1776 firmare

265 1826 386 1886 iubeant
405 1828 559 1901 praetores
580 1825 721 1885 certiores
743 1825 812 1885 tacti
835 1825 962 1884 Boeotos
977 1823 1089 1884 Ohoum
1111 1825 1159 1884 uel
1177 1823 1356 1901 Chytrorum

265 1915 369 1992 diebus
391 1929 475 1992 festis
495 1929 692 1992 incursionem
719 1929 849 1991 facturos
871 1947 936 1991 esse
957 1930 988 1990 in
1008 1929 1083 1990 fines
1103 1931 1227 1991 Atticos.
1271 1929 1357 2004 Quod

265 2037 401 2114 quamuis
422 2054 512 2114 aegre
533 2036 611 2096 ferat
631 2037 797 2098 Lamachus
819 2040 918 2097 tamen
939 2036 1127 2114 praetoribus
1146 2037 1280 2114 pluribus
1301 2036 1356 2096 illis

265 2143 385 2220 quidem
416 2161 504 2219 quam
532 2141 772 2219 prudentioribus
809 2143 1072 2220 obtemperandum
1102 2144 1215 2204 statuit.
1257 2142 1357 2218 Atque

267 2267 302 2310 eo
323 2250 419 2326 magis
447 2250 495 2310 ille
518 2249 598 2309 dolet
627 2249 707 2325 quod
735 2248 791 2309 hoc
821 2250 886 2326 ipso
911 2254 1045 2326 tempore
1066 2250 1253 2326 Dicaeopolis
1274 2268 1292 2308 a
1313 2267 1356 2308 sa-

266 2355 385 2416 cerdote
401 2355 526 2431 Dionysi
547 2371 673 2432 propere
694 2355 732 2414 ad
754 2355 847 2416 festas
869 2357 972 2432 epulas
993 2355 1095 2416 uenire
1108 2356 1226 2416 iubetur
1242 2356 1293 2415 nbi
1307 2355 1358 2415 diu

265 2462 323 2520 iam
345 2459 480 2523 omnibus
500 2461 700 2538 copiosissime
720 2462 939 2538 lautissimeque
961 2463 1110 2538 apparatis
1132 2465 1329 2538 exspectetur.

365 2604 487 2679 Iamque
496 2607 628 2662 armante
643 2621 675 2662 se
686 2603 878 2662 Lamacho—
888 2620 1079 2678 quaecunque
1090 2603 1188 2664 bellici
1197 2607 1357 2680 apparatus

264 2710 321 2769 iste
342 2727 361 2768 a
380 2709 489 2768 famulo
522 2707 577 2770 sibi
609 2707 717 2768 adferri
744 2708 826 2768 iubet
847 2708 1033 2785 Dicaeopolis
1054 2726 1108 2785 per
1127 2709 1284 2770 ludibrium
1308 2711 1355 2769 de-

263 2818 384 2890 torquet
405 2813 571 2874 suauissimi
592 2812 720 2873 conuiuii
741 2818 901 2892 apparatus
929 2814 1044 2889 singula
1071 2832 1207 2890 quaeque
1229 2815 1284 2876 sibi
1305 2832 1355 2890 ap·

263 2920 375 2998 portari
403 2920 525 2980 iubens:
561 2937 620 2995 qua
654 2919 800 2980 derisione
836 2920 974 2980 miserum
1004 2920 1084 2979 illum
1113 2921 1286 2981 bellatorem
1318 2921 1357 2980 ad

265 3025 499 3104 desperationem
520 3025 583 3086 fere
604 3025 732 3086 adducit.
773 3028 927 3087 Postremo
956 3031 1055 3087 autem
1075 3031 1200 3103 uterque
1221 3027 1356 3086 diuersus

264 3133 345 3195 abit:
376 3132 541 3194 Lamachus
562 3132 601 3193 ad
621 3132 845 3194 Atheniensium
874 3132 948 3193 fines
977 3137 1080 3192 eontra
1100 3134 1228 3194 Boeotos
1256 3131 1356 3192 deien-

265 3239 385 3319 dendos,
408 3239 596 3317 Dicaeopolis
617 3238 655 3298 ad
670 3239 860 3299 laetissimam
881 3241 1136 3316 compotationem.

125 3333 179 3453 Χ.Δ
365 3371 442 3430 Tum
471 3369 577 3430 chorus
604 3369 669 3430 illos
698 3370 776 3430 uotis
804 3369 865 3430 suis
891 3375 1065 3446 prosecutus
1086 3374 1116 3431 et
1137 3370 1354 3446 Dicaeopolidis

34 3473 62 3530 2·
79 3471 256 3550 [repetitura.
266 3476 440 3554 sapientiam
467 3475 563 3537 denuo
587 3476 740 3552 praedicat
761 3481 792 3536 et
812 3477 986 3537 Antimacho
1007 3476 1147 3537 Psacadis
1167 3476 1227 3536 filio
1247 3481 1354 3552 potitae

51 3566 68 3603 ¹¹
88 3550 243 3606 1143-1173.
264 3582 356 3658 lyrico
378 3587 409 3643 et
430 3583 558 3659 chorago
575 3582 691 3643 sordide
712 3597 800 3659 parco
821 3583 898 3642 mala
919 3581 1105 3658 imprecatur.

119 3749 168 3803 XL
365 3713 430 3788 Quo
460 3717 588 3777 carmine
618 3715 700 3775 finito
730 3716 788 3776 iam
809 3715 929 3776 nuntius
950 3715 1076 3776 accurrit
1098 3715 1283 3775 exanimatus
1304 3716 1354 3791 qui

79 3819 203 3890 Ἔεοδος.
265 3823 295 3882 in
316 3821 457 3881 Lamachi
489 3823 606 3883 domum
633 3822 709 3882 intro
741 3824 847 3882 clamat
875 3827 908 3882 ut
930 3840 1008 3898 aqua
1036 3825 1066 3881 et
1092 3839 1284 3898 quaecunque
1316 3821 1354 3880 ad

46 3918 72 3954 ¹¹·
91 3901 243 3956 ¹¹74¹23³
259 3905 389 3988 uulnera
422 3929 580 4005 obliganda
609 3930 776 3989 necessaria
811 3930 868 3989 sint
898 3933 1048 4007 parentur.
1089 3928 1175 3987 Hune
1207 3928 1284 3988 enim
1312 3928 1353 3985 ait

264 4035 373 4096 fossam
402 4034 615 4096 transilientem
642 4033 781 4094 cecidisse
812 4052 866 4095 nec
895 4035 986 4094 talum
1007 4034 1100 4094 solum
1121 4033 1279 4093 extorsisse
1301 4031 1354 4092 sed

265 4140 354 4202 etiam
376 4145 463 4220 caput
483 4141 581 4218 lapide
602 4142 778 4204 contudisse.
