3120 4816
464 1664 725 1742 ERNESTVS
751 1661 1015 1739 BONSTEDT

610 1789 656 1864 de
682 1788 761 1862 uita
787 1814 861 1862 sua.

289 2141 387 2200 Natus
408 2158 472 2200 sum
493 2139 693 2214 Brombcrgae
715 2137 762 2198 die
784 2137 832 2194 28.
853 2156 891 2196 m.
913 2137 1047 2198 Octobris
1067 2155 1095 2196 a.
1116 2137 1145 2196 h.
1168 2155 1191 2197 s.
1212 2155 1283 2213 qua-

191 2247 355 2322 dragesimo
387 2247 480 2306 altero
505 2250 590 2322 patre
610 2243 799 2304 Fordiuando
820 2243 891 2304 IOto
920 2248 1014 2303 matre
1035 2243 1224 2303 Wilhelmina
1245 2243 1282 2303 de

192 2355 282 2428 gente
303 2351 496 2427 Brachuogei.
525 2350 628 2411 Fidem
648 2349 788 2426 profiteor
810 2349 1020 2424 euangelicam.
1047 2348 1152 2406 Primis
1172 2349 1282 2408 littera·

193 2475 257 2518 rum
286 2457 440 2517 elementis
468 2455 597 2516 imbutus
625 2472 732 2514 nouem
761 2471 853 2514 annos
886 2458 974 2514 natus
1004 2454 1191 2529 gymnasium
1223 2453 1283 2512 adii

194 2563 428 2638 Brombcrgenso
456 2562 535 2639 quod
555 2559 722 2622 Deinhardt
742 2561 830 2620 etiam
851 2565 914 2620 tum
943 2560 1075 2636 regebat.
1118 2560 1182 2618 Iam
1213 2559 1282 2619 iude

193 2669 230 2728 ab
252 2686 278 2726 a
300 2668 329 2726 h.
351 2685 374 2726 a.
402 2663 645 2744 quinquagesimo
670 2666 764 2726 altero
786 2664 950 2725 Posnaniao
978 2664 1164 2740 gymnasium
1183 2665 1283 2725 Fridc·

191 2773 294 2833 rioium
315 2773 502 2834 Guilelmium
522 2772 710 2848 frequentaui
736 2771 815 2849 quod
840 2789 907 2831 mea
927 2771 1067 2831 momoria
1087 2771 1283 2847 Heydemann

191 2878 365 2955 Marquardt
398 2878 617 2940 Sommorbrodt
651 2876 890 2938 moderabantur.
943 2879 1014 2936 Post
1048 2895 1154 2938 nouom
1189 2895 1283 2937 annos

191 2985 370 3044 maturitatis
399 2984 599 3044 testimonium
624 2988 799 3044 consecutus
820 2999 847 3042 a.
868 2983 897 3042 h.
919 3001 943 3042 a.
975 2983 1159 3058 sexagesimo
1188 2983 1282 3059 primo

192 3089 415 3150 uniuersitatem
435 3089 657 3149 Berolinensem
685 3088 745 3147 adii
771 3088 842 3148 iuris
869 3089 1067 3148 consultorum
1089 3087 1193 3147 studiis
1214 3105 1283 3164 opa-

190 3214 254 3254 ram
274 3200 451 3256 nauaturos:
473 3211 526 3255 sex
547 3199 646 3254 autem
667 3195 819 3256 mensibus
839 3199 905 3271 post
919 3192 1108 3270 philologiam
1128 3193 1282 3269 capessiui.

190 3302 226 3361 A.
248 3301 277 3360 h.
300 3320 325 3363 a.
351 3301 536 3377 sexagesimo
562 3302 655 3361 altero
681 3300 890 3362 Vratislauiam
918 3319 965 3362 me
996 3300 1117 3362 contuli:
1150 3302 1281 3362 ciusdem

190 3408 259 3467 anni
274 3412 413 3467 autumno
437 3408 571 3467 Bonnam
584 3407 718 3483 migraui.
740 3407 870 3467 Beroliui
884 3426 930 3468 me
946 3407 1109 3470 docueruut
1121 3408 1282 3468 Helffcrich

190 3513 386 3587 Hcydcmann
406 3512 532 3573 Rudorti
549 3512 633 3572 Stahl
654 3512 775 3573 Boeckh
800 3511 916 3573 Gosche
938 3512 1058 3591 Gruppe
1080 3513 1158 3573 Guhl
1180 3515 1282 3589 Haupt

189 3618 317 3678 Mullach
332 3617 369 3678 de
380 3619 509 3678 Raumer
519 3618 665 3678 Steiuthal
673 3651 712 3661 -
720 3619 917 3680 Vratislauiac
930 3620 1030 3680 Haase
1043 3626 1072 3681 ct
1082 3619 1233 3681 Rossbach
1243 3652 1280 3660 --

189 3725 311 3783 Bounae
342 3741 401 3782 van
429 3722 538 3783 Oalker
569 3723 643 3782 Iahn
670 3723 785 3783 Lassen
812 3724 924 3785 Ritschl
955 3725 1051 3785 Ritter
1079 3725 1280 3786 Sohlottmaun

189 3829 322 3889 Simrock
348 3829 385 3890 de
407 3831 505 3905 Sybol.
547 3829 647 3905 Atque
674 3830 795 3889 Bonnac
826 3830 975 3890 seminarii
1006 3831 1081 3908 regii
1113 3831 1281 3908 philologici

189 3933 297 3994 sodalis
325 3935 575 3996 extraordinarius
600 3965 640 3976 -
666 3935 911 3996 exercitationum
932 3937 1187 4015 epigraphicarum
1208 3954 1281 4014 quaa

188 4041 300 4101 Ritschl
319 4041 517 4117 priuatissimo
547 4040 721 4102 instituebat
741 4043 838 4103 socius
858 4043 913 4103 fui:
939 4045 968 4104 iu
990 4043 1131 4104 societate
1162 4062 1280 4120 quoque

188 4145 280 4206 latina
299 4147 348 4208 cui
368 4144 581 4208 Reifferscheid
602 4151 632 4208 et
653 4147 845 4209 Wachsmuth
871 4153 1030 4227 praeerant
1050 4155 1185 4210 uersatus
1206 4167 1279 4212 sum.
