3120 4816
679 393 882 457 ...29..

334 561 449 622 Pericle
464 562 549 622 enim
570 567 684 622 mortuo
716 563 767 638 qui
794 565 874 623 solus
900 562 1052 622 etiamtum
1079 560 1254 622 anctoritate
1276 579 1329 622 sua

235 674 325 744 atque
357 668 446 732 animi
466 667 632 727 constantia
666 667 784 728 diuersa
813 669 919 729 ciuium
948 667 1046 728 studia
1077 667 1116 725 ad
1147 685 1329 726 communem

234 774 413 849 reipublicae
435 773 560 833 salutem
582 773 733 834 direxerat
761 792 826 833 cum
853 773 1008 833 multitudo
1038 772 1217 848 reipublicae
1240 773 1328 832 domi-

233 882 336 938 natum
358 887 516 938 consecuta
539 883 618 938 esset
650 878 707 937 iam
736 881 814 938 salus
835 879 1013 955 reipublicae
1045 895 1118 955 prae
1147 878 1328 953 singulorum

232 984 340 1044 ciuium
362 985 521 1044 commodis
542 990 574 1044 et
596 967 805 1062 cupiditatibus
825 986 1046 1060 neglegebatur.
1082 985 1180 1060 Atque
1202 985 1328 1044 adsueta

233 1090 283 1148 illa
299 1090 416 1164 quidem
429 1091 570 1152 aPeriele
584 1110 689 1152 rerum
702 1092 899 1168 gerendarum
915 1108 1034 1168 operam
1049 1091 1114 1150 aliis
1127 1089 1246 1150 tradere
1260 1110 1327 1151 mox

232 1195 275 1255 eis
288 1213 319 1256 se
332 1196 413 1256 dedit
429 1198 480 1273 qui
490 1198 544 1258 sibi
554 1198 672 1274 suisque
689 1198 847 1274 qommodis
854 1198 964 1272 optime
975 1196 1129 1256 consulere
1141 1197 1322 1256 uiderentur.

232 1298 304 1361 Hi³⁰
325 1308 424 1362 autem
458 1303 538 1363 ciues
568 1304 618 1364 isti
651 1303 812 1364 turbulenti
841 1303 960 1363 fuerunt
993 1322 1028 1363 ac
1054 1321 1153 1362 rerum
1182 1319 1325 1361 nouarum

149 1483 152 1490 ,
233 1410 355 1470 studiosi
376 1409 425 1486 qui
446 1425 597 1484 nunquam
618 1409 849 1468 intermittentes
867 1408 1045 1468 multitudini
1058 1406 1183 1469 blandiri
1203 1407 1324 1482 eiusque

233 1517 412 1577 dominatum
434 1515 513 1575 omni
534 1514 621 1574 modo
643 1532 754 1590 augere
775 1533 808 1574 re
830 1532 902 1574 uera
924 1513 1091 1574 uniuersam
1113 1512 1323 1589 rempublicam

232 1623 262 1682 iu
298 1618 413 1682 suam³¹
433 1625 611 1697 potestatem
643 1620 840 1697 redegerunt:
871 1637 960 1695 quam
993 1636 1047 1679 sua
1078 1621 1141 1679 sola
1172 1619 1326 1679 commoda

232 1747 359 1804 suasque
385 1722 549 1788 rationes³²
577 1727 669 1786 secuti
696 1727 814 1802 publica
835 1707 929 1786 salute
950 1743 1071 1802 prorsus
1103 1724 1240 1800 neglecta
1274 1726 1323 1784 ad-

231 1837 443 1896 ministrabant.
464 1833 621 1893 Multitudo
633 1838 731 1892 autem
746 1851 822 1908 quae
834 1833 913 1892 omni
926 1832 1045 1892 licentia
1060 1832 1222 1891 exsultaret
1231 1850 1324 1908 popu-

230 1943 334 2002 larium
356 1941 460 2000 durum
481 1940 635 2016 imperium
655 1939 739 2015 quasi
759 1956 849 1998 caeca
870 1939 996 2014 quadam
1007 1937 1136 1996 amentia
1153 1955 1213 1996 non
1223 1938 1323 1998 sensit.

231 2047 316 2122 Quod
337 2066 372 2108 eo
390 2046 504 2106 facilius
523 2046 588 2106 fieri
609 2047 705 2123 potuit
726 2046 805 2122 quod
826 2047 928 2107 morbo
945 2039 1155 2121 grauissimo³³
1177 2050 1207 2104 et
1229 2046 1322 2105 incur-

231 2154 361 2215 sionibus
372 2170 448 2229 quae
458 2152 580 2228 singulis
590 2151 653 2212 fere
667 2151 752 2212 annis
763 2153 800 2212 ab
811 2150 945 2212 hostibus
953 2151 1063 2211 fiebant
1074 2151 1137 2210 uita
1150 2150 1289 2226 uictuque
1297 2145 1324 2186 ³⁴

231 2261 329 2320 multis
359 2258 453 2338 modis
484 2259 637 2317 immutato
662 2256 798 2316 libidines
830 2261 861 2316 et
896 2258 1063 2334 uoluptates
1094 2254 1156 2316 iere
1195 2257 1322 2316 omnium

230 2366 454 2426 Atheniensium
475 2365 581 2424 animis
602 2363 713 2440 potitae
736 2368 831 2422 erant.

328 2473 393 2532 Nec
414 2489 485 2530 uero
507 2471 602 2530 minus
633 2470 778 2529 immutati
808 2474 892 2529 erant
919 2469 1100 2546 temporibus
1121 2470 1191 2531 belli
1212 2476 1322 2530 eetero-

228 2596 292 2637 rnm
321 2576 500 2644 Graecorum
530 2575 629 2634 animi.
680 2575 754 2634 Cum
784 2575 861 2635 enim
891 2575 1079 2636 necessitudo
1099 2576 1150 2634 illa
1170 2589 1229 2653 qua
1249 2579 1322 2638 anti·

228 2683 326 2756 quitus
348 2681 459 2743 eisdem
487 2681 615 2741 moribus
644 2687 674 2740 et
694 2681 886 2757 religionibus
915 2679 1022 2741 Graeci
1052 2699 1153 2742 omnes
1174 2684 1321 2744 coniuncti

228 2791 347 2850 fuerant
367 2789 427 2847 iam
446 2789 528 2848 nulla
549 2791 628 2846 esset
649 2787 737 2847 etiam
756 2787 884 2848 ¹uirtutes
905 2788 974 2848 illae
987 2805 1063 2864 quae
1078 2789 1193 2864 poeitae
1205 2789 1320 2850 fuerant

228 2897 258 2954 in
280 2896 440 2957 communis
467 2894 582 2971 patriae
608 2911 707 2953 amore
736 2895 897 2954 subuersae
919 2898 994 2954 sunt.
1029 2895 1108 2954 Nam
1129 2899 1162 2953 ut
1183 2901 1320 2972 coeptum

229 3007 293 3062 erat
313 3003 422 3063 bellum
445 3001 621 3079 implacabili
643 3018 709 3060 cum
730 2999 797 3059 odio
818 3000 861 3060 ita
883 3005 929 3060 est
950 3004 1066 3076 gestum
1080 3000 1110 3060 in
1131 3001 1194 3061 dies
1210 3002 1319 3062 maiore

231 3109 414 3168 immanitate
435 3112 525 3183 atque
547 3106 704 3166 atrocitate
725 3105 802 3164 omni
825 3106 889 3165 iure
910 3106 940 3164 in
961 3105 1031 3166 solis
1052 3106 1164 3167 uiribus
1184 3108 1289 3183 posito.

326 3212 410 3287 Quae
431 3231 496 3274 eum
518 3213 560 3273 ita
581 3216 680 3272 essent
700 3229 893 3288 quaecunque
918 3211 990 3271 loris
1012 3211 1209 3273 Athenienses
1231 3215 1319 3273 armis

212 3319 374 3394 ¹erunsecuti
397 3324 495 3380 essent
516 3337 616 3379 eorum
638 3318 876 3395 compensatione
896 3335 972 3393 quae
991 3317 1069 3378 domi
1082 3319 1198 3395 perdita
1220 3325 1318 3380 essent

227 3426 349 3486 lenitum
379 3443 438 3486 non
465 3425 500 3483 iri
529 3424 582 3485 sed
607 3424 685 3485 bello
714 3424 884 3483 continuato
910 3442 976 3482 cum
1003 3442 1116 3485 morum
1144 3425 1318 3501 deprauatio

228 3541 316 3606 atque
337 3533 439 3607 legum
458 3530 650 3606 neglegentia
673 3529 888 3590 inualescerent
909 3561 949 3572 —
970 3531 1136 3607 quicunque
1166 3525 1318 3592 uictoriam

228 3636 327 3713 adepti
349 3637 439 3697 futuri
461 3633 746 3696 essent-omnium
767 3635 893 3711 denique
915 3637 1028 3696 ruinam
1050 3655 1084 3696 ac
1096 3637 1256 3712 perniciem
1270 3655 1317 3697 ne-

328 3839 352 3875 20
369 3837 421 3905 aq.
440 3839 499 3892 217.
514 3853 554 3908 sq.
575 3839 632 3893 129.
651 3835 721 3894 Nub.
739 3839 799 3894 444.
818 3838 878 3894 coll.
897 3839 956 3894 644.

327 3925 348 3960 ³¹
368 3921 419 3990 Eq.
439 3923 513 3977 1643.
543 3990 549 4004 ¹

327 4010 350 4046 ³²
369 4006 439 4063 Nub.
457 4008 517 4063 351.
536 4009 587 4078 Eq.
608 4009 667 4065 158.

326 4095 349 4130 ³³
369 4090 453 4147 Thuc.
472 4093 506 4147 11.
525 4095 637 4149 47-04.

327 4179 350 4216 ³⁴
370 4175 454 4234 Thuc.
473 4178 507 4230 ll.
528 4179 561 4232 19
579 4193 621 4246 sq.
640 4181 702 4233 Pac.
723 4179 780 4231 619.
803 4179 852 4248 llq.
869 4181 928 4234 790.
