<?xml version="1.0" encoding="UTF-8"?>
<!DOCTYPE html PUBLIC "-//W3C//DTD XHTML 1.0 Transitional//EN"
    "http://www.w3.org/TR/xhtml1/DTD/xhtml1-transitional.dtd">
<html xmlns="http://www.w3.org/1999/xhtml" xml:lang="en" lang="en">
 <head>
  <title>
</title>
<meta http-equiv="Content-Type" content="text/html;charset=utf-8" />
  <meta name='ocr-system' content='tesseract 3.04.00' />
  <meta name='ocr-capabilities' content='ocr_page ocr_carea ocr_par ocr_line ocrx_word'/>
</head>
<body>
  <div class='ocr_page' id='page_1' title='image "./quaestionesaris00bonsgoog_0015.png"; bbox 0 0 3120 4816; ppageno 0'>
   <div class='ocr_carea' id='block_1_1' title="bbox 688 381 873 444">
    <p class='ocr_par' dir='ltr' id='par_1_1' title="bbox 688 381 873 444">
     <span class='ocr_line' id='line_1_1' title="bbox 688 381 873 444; baseline 0 -14"><span class='ocrx_word' id='word_1_1' title='bbox 688 381 873 444; x_wconf 77' lang='grc'>..6-</span> 
     </span>
    </p>
   </div>
   <div class='ocr_carea' id='block_1_2' title="bbox 181 548 1331 4236">
    <p class='ocr_par' dir='ltr' id='par_1_2' title="bbox 181 548 1329 731">
     <span class='ocr_line' id='line_1_2' title="bbox 234 548 1329 626; baseline -0.003 -15"><span class='ocrx_word' id='word_1_2' title='bbox 234 554 344 613; x_wconf 85' lang='lat' dir='ltr'>factum</span> <span class='ocrx_word' id='word_1_3' title='bbox 365 569 430 612; x_wconf 89' lang='lat' dir='ltr'>osse</span> <span class='ocrx_word' id='word_1_4' title='bbox 451 556 485 611; x_wconf 90' lang='lat' dir='ltr'>ut</span> <span class='ocrx_word' id='word_1_5' title='bbox 506 550 671 626; x_wconf 82' lang='lat' dir='ltr'>respublica</span> <span class='ocrx_word' id='word_1_6' title='bbox 692 548 884 610; x_wconf 79' lang='lat' dir='ltr'><strong>Atheniensis</strong></span> <span class='ocrx_word' id='word_1_7' title='bbox 904 548 980 609; x_wconf 91' lang='lat' dir='ltr'>adeo</span> <span class='ocrx_word' id='word_1_8' title='bbox 1002 549 1119 626; x_wconf 86' lang='lat' dir='ltr'>uigeret</span> <span class='ocrx_word' id='word_1_9' title='bbox 1141 549 1329 626; x_wconf 79' lang='lat' dir='ltr'>omniumque</span> 
     </span>
     <span class='ocr_line' id='line_1_3' title="bbox 181 655 1155 731; baseline -0.002 -13"><span class='ocrx_word' id='word_1_10' title='bbox 181 661 188 676; x_wconf 86' lang='lat'><strong><em>‘</em></strong></span> <span class='ocrx_word' id='word_1_11' title='bbox 236 659 344 719; x_wconf 91' lang='lat' dir='ltr'>artium</span> <span class='ocrx_word' id='word_1_12' title='bbox 365 656 470 716; x_wconf 90' lang='lat' dir='ltr'>studiis</span> <span class='ocrx_word' id='word_1_13' title='bbox 491 655 651 716; x_wconf 80' lang='lat' dir='ltr'><strong>laetissime</strong></span> <span class='ocrx_word' id='word_1_14' title='bbox 672 656 791 715; x_wconf 87' lang='lat' dir='ltr'>floreret</span> <span class='ocrx_word' id='word_1_15' title='bbox 813 655 879 729; x_wconf 90' lang='lat' dir='ltr'>quis</span> <span class='ocrx_word' id='word_1_16' title='bbox 901 659 946 714; x_wconf 89' lang='lat' dir='ltr'>est</span> <span class='ocrx_word' id='word_1_17' title='bbox 968 655 1018 730; x_wconf 92' lang='lat' dir='ltr'>qni</span> <span class='ocrx_word' id='word_1_18' title='bbox 1039 655 1155 731; x_wconf 81' lang='lat' dir='ltr'>neget?</span> 
     </span>
    </p>

    <p class='ocr_par' dir='ltr' id='par_1_3' title="bbox 233 759 1330 1681">
     <span class='ocr_line' id='line_1_4' title="bbox 333 759 1329 837; baseline 0 -15"><span class='ocrx_word' id='word_1_19' title='bbox 333 763 373 822; x_wconf 91' lang='lat' dir='ltr'>At</span> <span class='ocrx_word' id='word_1_20' title='bbox 403 763 480 822; x_wconf 91' lang='lat' dir='ltr'>enim</span> <span class='ocrx_word' id='word_1_21' title='bbox 511 779 583 822; x_wconf 89' lang='lat' dir='ltr'>uero</span> <span class='ocrx_word' id='word_1_22' title='bbox 611 759 733 822; x_wconf 81' lang='lat' dir='ltr'>Periclis</span> <span class='ocrx_word' id='word_1_23' title='bbox 761 764 861 820; x_wconf 91' lang='lat' dir='ltr'>aetate</span> <span class='ocrx_word' id='word_1_24' title='bbox 892 778 957 820; x_wconf 92' lang='lat' dir='ltr'>cum</span> <span class='ocrx_word' id='word_1_25' title='bbox 983 778 1142 837; x_wconf 86' lang='lat' dir='ltr'>progressa</span> <span class='ocrx_word' id='word_1_26' title='bbox 1164 759 1329 823; x_wconf 84' lang='lat' dir='ltr'>eruditione</span> 
     </span>
     <span class='ocr_line' id='line_1_5' title="bbox 236 865 1330 932; baseline -0.005 0"><span class='ocrx_word' id='word_1_27' title='bbox 236 887 338 932; x_wconf 89' lang='lat' dir='ltr'>omnes</span> <span class='ocrx_word' id='word_1_28' title='bbox 358 885 408 929; x_wconf 89' lang='lat' dir='ltr'>res</span> <span class='ocrx_word' id='word_1_29' title='bbox 429 867 547 928; x_wconf 88' lang='lat' dir='ltr'>diuinae</span> <span class='ocrx_word' id='word_1_30' title='bbox 567 872 597 928; x_wconf 88' lang='lat' dir='ltr'>et</span> <span class='ocrx_word' id='word_1_31' title='bbox 617 866 764 926; x_wconf 75' lang='lat' dir='ltr'>humanae</span> <span class='ocrx_word' id='word_1_32' title='bbox 779 866 924 926; x_wconf 85' lang='lat' dir='ltr'>obnoxiae</span> <span class='ocrx_word' id='word_1_33' title='bbox 939 865 1045 926; x_wconf 89' lang='lat' dir='ltr'>fierent</span> <span class='ocrx_word' id='word_1_34' title='bbox 1059 866 1209 927; x_wconf 92' lang='lat' dir='ltr'>hominnm</span> <span class='ocrx_word' id='word_1_35' title='bbox 1222 867 1330 927; x_wconf 88' lang='lat' dir='ltr'>rationi</span> 
     </span>
     <span class='ocr_line' id='line_1_6' title="bbox 235 971 1330 1051; baseline -0.006 -12"><span class='ocrx_word' id='word_1_36' title='bbox 235 977 285 1039; x_wconf 91' lang='lat' dir='ltr'>uel</span> <span class='ocrx_word' id='word_1_37' title='bbox 316 974 446 1051; x_wconf 90' lang='lat' dir='ltr'>opinioni</span> <span class='ocrx_word' id='word_1_38' title='bbox 471 973 578 1050; x_wconf 91' lang='lat' dir='ltr'>quibus</span> <span class='ocrx_word' id='word_1_39' title='bbox 608 974 688 1032; x_wconf 90' lang='lat' dir='ltr'>salus</span> <span class='ocrx_word' id='word_1_40' title='bbox 718 971 898 1047; x_wconf 90' lang='lat' dir='ltr'>reipublicae</span> <span class='ocrx_word' id='word_1_41' title='bbox 927 971 1134 1032; x_wconf 80' lang='lat' dir='ltr'>continebatur</span> <span class='ocrx_word' id='word_1_42' title='bbox 1160 1003 1198 1012; x_wconf 96' lang='lat'><em>-</em></span> <span class='ocrx_word' id='word_1_43' title='bbox 1225 973 1330 1048; x_wconf 87' lang='lat' dir='ltr'>religio</span> 
     </span>
     <span class='ocr_line' id='line_1_7' title="bbox 235 1076 1330 1158; baseline -0.003 -17"><span class='ocrx_word' id='word_1_44' title='bbox 235 1084 319 1158; x_wconf 84' lang='lat' dir='ltr'>leges</span> <span class='ocrx_word' id='word_1_45' title='bbox 344 1097 441 1140; x_wconf 87' lang='lat' dir='ltr'>mores</span> <span class='ocrx_word' id='word_1_46' title='bbox 470 1078 651 1140; x_wconf 82' lang='lat' dir='ltr'>labefactata</span> <span class='ocrx_word' id='word_1_47' title='bbox 681 1083 759 1138; x_wconf 89' lang='lat' dir='ltr'>sunt.</span> <span class='ocrx_word' id='word_1_48' title='bbox 802 1076 934 1138; x_wconf 84' lang='lat' dir='ltr'>Pericles</span> <span class='ocrx_word' id='word_1_49' title='bbox 956 1077 1075 1154; x_wconf 88' lang='lat' dir='ltr'>quidem</span> <span class='ocrx_word' id='word_1_50' title='bbox 1096 1095 1156 1154; x_wconf 92' lang='lat' dir='ltr'>qua</span> <span class='ocrx_word' id='word_1_51' title='bbox 1177 1082 1244 1138; x_wconf 89' lang='lat' dir='ltr'>erat</span> <span class='ocrx_word' id='word_1_52' title='bbox 1262 1096 1330 1155; x_wconf 92' lang='lat' dir='ltr'>pru·</span> 
     </span>
     <span class='ocr_line' id='line_1_8' title="bbox 233 1182 1330 1261; baseline -0.004 -14"><span class='ocrx_word' id='word_1_53' title='bbox 233 1185 334 1247; x_wconf 81' lang='lat' dir='ltr'>dantia</span> <span class='ocrx_word' id='word_1_54' title='bbox 355 1189 445 1261; x_wconf 88' lang='lat' dir='ltr'>atque</span> <span class='ocrx_word' id='word_1_55' title='bbox 466 1184 644 1244; x_wconf 88' lang='lat' dir='ltr'>auctoritate</span> <span class='ocrx_word' id='word_1_56' title='bbox 667 1183 828 1244; x_wconf 89' lang='lat' dir='ltr'>etiamtunc</span> <span class='ocrx_word' id='word_1_57' title='bbox 848 1182 1045 1260; x_wconf 78' lang='lat' dir='ltr'>impedirer-at</span> <span class='ocrx_word' id='word_1_58' title='bbox 1072 1183 1227 1260; x_wconf 91' lang='lat' dir='ltr'>quominus</span> <span class='ocrx_word' id='word_1_59' title='bbox 1250 1184 1330 1245; x_wconf 90' lang='lat' dir='ltr'>istud</span> 
     </span>
     <span class='ocr_line' id='line_1_9' title="bbox 235 1289 1330 1366; baseline -0.004 -12"><span class='ocrx_word' id='word_1_60' title='bbox 235 1299 268 1354; x_wconf 95' lang='lat' dir='ltr'>ut</span> <span class='ocrx_word' id='word_1_61' title='bbox 288 1292 331 1352; x_wconf 90' lang='lat' dir='ltr'>ita</span> <span class='ocrx_word' id='word_1_62' title='bbox 352 1291 446 1351; x_wconf 88' lang='lat' dir='ltr'>dicam</span> <span class='ocrx_word' id='word_1_63' title='bbox 468 1291 650 1366; x_wconf 82' lang='lat' dir='ltr'>singulorum</span> <span class='ocrx_word' id='word_1_64' title='bbox 671 1289 779 1350; x_wconf 89' lang='lat' dir='ltr'>ciuium</span> <span class='ocrx_word' id='word_1_65' title='bbox 800 1289 953 1350; x_wconf 87' lang='lat' dir='ltr'>arbitrium</span> <span class='ocrx_word' id='word_1_66' title='bbox 981 1289 1053 1366; x_wconf 91' lang='lat' dir='ltr'>ipsis</span> <span class='ocrx_word' id='word_1_67' title='bbox 1081 1291 1169 1351; x_wconf 89' lang='lat' dir='ltr'>rebus</span> <span class='ocrx_word' id='word_1_68' title='bbox 1195 1289 1330 1350; x_wconf 87' lang='lat' dir='ltr'>ciuilibus</span> 
     </span>
     <span class='ocr_line' id='line_1_10' title="bbox 233 1395 1329 1472; baseline -0.004 -14"><span class='ocrx_word' id='word_1_69' title='bbox 233 1401 345 1458; x_wconf 87' lang='lat' dir='ltr'>temere</span> <span class='ocrx_word' id='word_1_70' title='bbox 367 1413 399 1456; x_wconf 91' lang='lat' dir='ltr'>sc</span> <span class='ocrx_word' id='word_1_71' title='bbox 420 1395 606 1457; x_wconf 80' lang='lat' dir='ltr'>immisceret.</span> <span class='ocrx_word' id='word_1_72' title='bbox 632 1395 673 1455; x_wconf 87' lang='lat' dir='ltr'>At</span> <span class='ocrx_word' id='word_1_73' title='bbox 695 1413 729 1455; x_wconf 91' lang='lat' dir='ltr'>eo</span> <span class='ocrx_word' id='word_1_74' title='bbox 752 1399 866 1455; x_wconf 90' lang='lat' dir='ltr'>mortuo</span> <span class='ocrx_word' id='word_1_75' title='bbox 887 1395 918 1454; x_wconf 92' lang='lat' dir='ltr'>in</span> <span class='ocrx_word' id='word_1_76' title='bbox 938 1395 1010 1472; x_wconf 88' lang='lat' dir='ltr'>ipsis</span> <span class='ocrx_word' id='word_1_77' title='bbox 1030 1395 1203 1456; x_wconf 88' lang='lat' dir='ltr'>tumultibus</span> <span class='ocrx_word' id='word_1_78' title='bbox 1217 1396 1329 1457; x_wconf 88' lang='lat' dir='ltr'>bellicis</span> 
     </span>
     <span class='ocr_line' id='line_1_11' title="bbox 234 1500 1330 1580; baseline -0.002 -18"><span class='ocrx_word' id='word_1_79' title='bbox 234 1503 351 1580; x_wconf 88' lang='lat' dir='ltr'>prodita</span> <span class='ocrx_word' id='word_1_80' title='bbox 372 1506 418 1563; x_wconf 92' lang='lat' dir='ltr'>est</span> <span class='ocrx_word' id='word_1_81' title='bbox 439 1502 606 1579; x_wconf 88' lang='lat' dir='ltr'>respublica</span> <span class='ocrx_word' id='word_1_82' title='bbox 627 1502 755 1562; x_wconf 90' lang='lat' dir='ltr'>omnium</span> <span class='ocrx_word' id='word_1_83' title='bbox 776 1500 884 1562; x_wconf 88' lang='lat' dir='ltr'>ciuium</span> <span class='ocrx_word' id='word_1_84' title='bbox 899 1501 1020 1563; x_wconf 90' lang='lat' dir='ltr'>arbitrio</span> <span class='ocrx_word' id='word_1_85' title='bbox 1035 1519 1070 1562; x_wconf 86' lang='lat' dir='ltr'>ao</span> <span class='ocrx_word' id='word_1_86' title='bbox 1083 1502 1203 1562; x_wconf 89' lang='lat' dir='ltr'>licentia</span> <span class='ocrx_word' id='word_1_87' title='bbox 1216 1519 1330 1561; x_wconf 89' lang='lat' dir='ltr'>summa</span> 
     </span>
     <span class='ocr_line' id='line_1_12' title="bbox 240 1607 810 1681; baseline 0.002 -14"><span class='ocrx_word' id='word_1_88' title='bbox 240 1609 389 1669; x_wconf 89' lang='lat' dir='ltr'>declarata</span> <span class='ocrx_word' id='word_1_89' title='bbox 410 1612 456 1668; x_wconf 89' lang='lat' dir='ltr'>est</span> <span class='ocrx_word' id='word_1_90' title='bbox 476 1607 608 1668; x_wconf 89' lang='lat' dir='ltr'>libertas.</span> <span class='ocrx_word' id='word_1_91' title='bbox 807 1673 810 1681; x_wconf 26' lang='lat'><strong>¹</strong></span> 
     </span>
    </p>

    <p class='ocr_par' dir='ltr' id='par_1_4' title="bbox 233 1712 1331 2535">
     <span class='ocr_line' id='line_1_13' title="bbox 334 1712 1329 1791; baseline 0.002 -19"><span class='ocrx_word' id='word_1_92' title='bbox 334 1712 418 1785; x_wconf 78' lang='lat' dir='ltr'>Quae</span> <span class='ocrx_word' id='word_1_93' title='bbox 440 1731 512 1774; x_wconf 88' lang='lat' dir='ltr'>uero</span> <span class='ocrx_word' id='word_1_94' title='bbox 534 1713 565 1772; x_wconf 93' lang='lat' dir='ltr'>in</span> <span class='ocrx_word' id='word_1_95' title='bbox 579 1713 730 1791; x_wconf 87' lang='lat' dir='ltr'>republica</span> <span class='ocrx_word' id='word_1_96' title='bbox 744 1712 919 1774; x_wconf 83' lang='lat' dir='ltr'>Atheniensi</span> <span class='ocrx_word' id='word_1_97' title='bbox 940 1714 1024 1791; x_wconf 86' lang='lat' dir='ltr'>quasi</span> <span class='ocrx_word' id='word_1_98' title='bbox 1042 1731 1080 1774; x_wconf 87' lang='lat' dir='ltr'>ex</span> <span class='ocrx_word' id='word_1_99' title='bbox 1094 1713 1166 1790; x_wconf 89' lang='lat' dir='ltr'>ipsis</span> <span class='ocrx_word' id='word_1_100' title='bbox 1180 1713 1329 1774; x_wconf 91' lang='lat' dir='ltr'>hominum</span> 
     </span>
     <span class='ocr_line' id='line_1_14' title="bbox 235 1817 1329 1897; baseline 0.003 -19"><span class='ocrx_word' id='word_1_101' title='bbox 235 1819 340 1879; x_wconf 90' lang='lat' dir='ltr'>animis</span> <span class='ocrx_word' id='word_1_102' title='bbox 362 1824 451 1879; x_wconf 87' lang='lat' dir='ltr'>enata</span> <span class='ocrx_word' id='word_1_103' title='bbox 479 1824 563 1878; x_wconf 89' lang='lat' dir='ltr'>erant</span> <span class='ocrx_word' id='word_1_104' title='bbox 584 1821 661 1879; x_wconf 87' lang='lat' dir='ltr'>mala</span> <span class='ocrx_word' id='word_1_105' title='bbox 689 1817 887 1896; x_wconf 87' lang='lat' dir='ltr'>sophistarum</span> <span class='ocrx_word' id='word_1_106' title='bbox 908 1820 1021 1880; x_wconf 90' lang='lat' dir='ltr'>artibus</span> <span class='ocrx_word' id='word_1_107' title='bbox 1042 1824 1130 1880; x_wconf 88' lang='lat' dir='ltr'>aucta</span> <span class='ocrx_word' id='word_1_108' title='bbox 1150 1824 1219 1880; x_wconf 89' lang='lat' dir='ltr'>sunt</span> <span class='ocrx_word' id='word_1_109' title='bbox 1239 1825 1329 1897; x_wconf 87' lang='lat' dir='ltr'>atque</span> 
     </span>
     <span class='ocr_line' id='line_1_15' title="bbox 237 1925 1330 2003; baseline 0.001 -17"><span class='ocrx_word' id='word_1_110' title='bbox 237 1925 381 2002; x_wconf 85' lang='lat' dir='ltr'>perfecta.</span> <span class='ocrx_word' id='word_1_111' title='bbox 423 1925 579 2002; x_wconf 70' lang='lat' dir='ltr'>sophistae</span> <span class='ocrx_word' id='word_1_112' title='bbox 608 1925 686 1986; x_wconf 90' lang='lat' dir='ltr'>enim</span> <span class='ocrx_word' id='word_1_113' title='bbox 718 1944 783 1987; x_wconf 91' lang='lat' dir='ltr'>oum</span> <span class='ocrx_word' id='word_1_114' title='bbox 814 1943 833 1985; x_wconf 91' lang='lat' dir='ltr'>a</span> <span class='ocrx_word' id='word_1_115' title='bbox 862 1927 1128 2003; x_wconf 86' lang='lat' dir='ltr'>contemplatione</span> <span class='ocrx_word' id='word_1_116' title='bbox 1143 1931 1268 1986; x_wconf 90' lang='lat' dir='ltr'>naturae</span> <span class='ocrx_word' id='word_1_117' title='bbox 1300 1931 1330 1987; x_wconf 90' lang='lat' dir='ltr'>et</span> 
     </span>
     <span class='ocr_line' id='line_1_16' title="bbox 234 2031 1328 2093; baseline 0.001 -3"><span class='ocrx_word' id='word_1_118' title='bbox 234 2031 335 2091; x_wconf 90' lang='lat' dir='ltr'>mundi</span> <span class='ocrx_word' id='word_1_119' title='bbox 357 2031 395 2090; x_wconf 88' lang='lat' dir='ltr'>ad</span> <span class='ocrx_word' id='word_1_120' title='bbox 416 2031 542 2092; x_wconf 90' lang='lat' dir='ltr'>hominis</span> <span class='ocrx_word' id='word_1_121' title='bbox 563 2036 699 2092; x_wconf 89' lang='lat' dir='ltr'>naturam</span> <span class='ocrx_word' id='word_1_122' title='bbox 720 2031 856 2093; x_wconf 89' lang='lat' dir='ltr'>conuersi</span> <span class='ocrx_word' id='word_1_123' title='bbox 875 2032 1023 2092; x_wconf 91' lang='lat' dir='ltr'>hominem</span> <span class='ocrx_word' id='word_1_124' title='bbox 1044 2032 1163 2092; x_wconf 90' lang='lat' dir='ltr'>modum</span> <span class='ocrx_word' id='word_1_125' title='bbox 1184 2049 1249 2093; x_wconf 87' lang='lat' dir='ltr'>esse</span> <span class='ocrx_word' id='word_1_126' title='bbox 1271 2050 1328 2092; x_wconf 92' lang='lat' dir='ltr'>om-</span> 
     </span>
     <span class='ocr_line' id='line_1_17' title="bbox 233 2137 1330 2215; baseline 0.002 -18"><span class='ocrx_word' id='word_1_127' title='bbox 233 2137 314 2198; x_wconf 91' lang='lat' dir='ltr'>nium</span> <span class='ocrx_word' id='word_1_128' title='bbox 334 2156 434 2199; x_wconf 92' lang='lat' dir='ltr'>rerum</span> <span class='ocrx_word' id='word_1_129' title='bbox 455 2138 628 2200; x_wconf 89' lang='lat' dir='ltr'>statuissent</span> <span class='ocrx_word' id='word_1_130' title='bbox 655 2139 747 2215; x_wconf 90' lang='lat' dir='ltr'>ipsius</span> <span class='ocrx_word' id='word_1_131' title='bbox 775 2138 901 2198; x_wconf 91' lang='lat' dir='ltr'>hominis</span> <span class='ocrx_word' id='word_1_132' title='bbox 926 2137 1081 2199; x_wconf 85' lang='lat' dir='ltr'>arbitrium</span> <span class='ocrx_word' id='word_1_133' title='bbox 1103 2143 1133 2199; x_wconf 91' lang='lat' dir='ltr'>et</span> <span class='ocrx_word' id='word_1_134' title='bbox 1153 2137 1330 2215; x_wconf 87' lang='lat' dir='ltr'>cupiditates</span> 
     </span>
     <span class='ocr_line' id='line_1_18' title="bbox 235 2244 1330 2323; baseline 0.004 -21"><span class='ocrx_word' id='word_1_135' title='bbox 235 2244 320 2318; x_wconf 90' lang='lat' dir='ltr'>quasi</span> <span class='ocrx_word' id='word_1_136' title='bbox 341 2263 434 2306; x_wconf 89' lang='lat' dir='ltr'>nouas</span> <span class='ocrx_word' id='word_1_137' title='bbox 459 2245 540 2307; x_wconf 90' lang='lat' dir='ltr'>uitae</span> <span class='ocrx_word' id='word_1_138' title='bbox 568 2246 651 2323; x_wconf 85' lang='lat' dir='ltr'>leges</span> <span class='ocrx_word' id='word_1_139' title='bbox 679 2245 905 2306; x_wconf 88' lang='lat' dir='ltr'>constituerunt.</span> <span class='ocrx_word' id='word_1_140' title='bbox 953 2244 1066 2317; x_wconf 78' lang='lat' dir='ltr'>Quibus</span> <span class='ocrx_word' id='word_1_141' title='bbox 1086 2245 1222 2307; x_wconf 88' lang='lat' dir='ltr'>omnibus</span> <span class='ocrx_word' id='word_1_142' title='bbox 1242 2247 1330 2306; x_wconf 91' lang='lat' dir='ltr'>rebus</span> 
     </span>
     <span class='ocr_line' id='line_1_19' title="bbox 235 2351 1331 2429; baseline 0.002 -20"><span class='ocrx_word' id='word_1_143' title='bbox 235 2355 383 2426; x_wconf 90' lang='lat' dir='ltr'>postremo</span> <span class='ocrx_word' id='word_1_144' title='bbox 407 2352 518 2413; x_wconf 88' lang='lat' dir='ltr'>factum</span> <span class='ocrx_word' id='word_1_145' title='bbox 540 2357 604 2413; x_wconf 91' lang='lat' dir='ltr'>erat</span> <span class='ocrx_word' id='word_1_146' title='bbox 623 2357 656 2413; x_wconf 90' lang='lat' dir='ltr'>ut</span> <span class='ocrx_word' id='word_1_147' title='bbox 677 2369 779 2414; x_wconf 90' lang='lat' dir='ltr'>omnes</span> <span class='ocrx_word' id='word_1_148' title='bbox 800 2353 997 2429; x_wconf 87' lang='lat' dir='ltr'>respriuatae</span> <span class='ocrx_word' id='word_1_149' title='bbox 1012 2355 1042 2412; x_wconf 85' lang='lat' dir='ltr'>ct</span> <span class='ocrx_word' id='word_1_150' title='bbox 1056 2353 1191 2428; x_wconf 85' lang='lat' dir='ltr'>publicae</span> <span class='ocrx_word' id='word_1_151' title='bbox 1206 2351 1331 2412; x_wconf 89' lang='lat' dir='ltr'>Athenis</span> 
     </span>
     <span class='ocr_line' id='line_1_20' title="bbox 235 2456 788 2535; baseline 0.005 -20"><span class='ocrx_word' id='word_1_152' title='bbox 235 2456 370 2518; x_wconf 87' lang='lat' dir='ltr'>adflictae</span> <span class='ocrx_word' id='word_1_153' title='bbox 393 2462 482 2534; x_wconf 90' lang='lat' dir='ltr'>atque</span> <span class='ocrx_word' id='word_1_154' title='bbox 504 2463 658 2535; x_wconf 88' lang='lat' dir='ltr'>corruptae</span> <span class='ocrx_word' id='word_1_155' title='bbox 680 2463 788 2520; x_wconf 87' lang='lat' dir='ltr'>essent.</span> 
     </span>
    </p>

    <p class='ocr_par' dir='ltr' id='par_1_5' title="bbox 234 2564 1330 4236">
     <span class='ocr_line' id='line_1_21' title="bbox 334 2564 1329 2642; baseline 0.001 -20"><span class='ocrx_word' id='word_1_156' title='bbox 334 2565 369 2624; x_wconf 92' lang='lat' dir='ltr'>In</span> <span class='ocrx_word' id='word_1_157' title='bbox 397 2564 455 2624; x_wconf 89' lang='lat' dir='ltr'>ista</span> <span class='ocrx_word' id='word_1_158' title='bbox 483 2570 583 2626; x_wconf 88' lang='lat' dir='ltr'>antem</span> <span class='ocrx_word' id='word_1_159' title='bbox 609 2567 806 2626; x_wconf 86' lang='lat' dir='ltr'>communium</span> <span class='ocrx_word' id='word_1_160' title='bbox 835 2572 1000 2642; x_wconf 87' lang='lat' dir='ltr'>temporum</span> <span class='ocrx_word' id='word_1_161' title='bbox 1027 2566 1095 2626; x_wconf 91' lang='lat' dir='ltr'>labe</span> <span class='ocrx_word' id='word_1_162' title='bbox 1130 2583 1165 2625; x_wconf 90' lang='lat' dir='ltr'>ao</span> <span class='ocrx_word' id='word_1_163' title='bbox 1199 2564 1329 2640; x_wconf 90' lang='lat' dir='ltr'>pernicie</span> 
     </span>
     <span class='ocr_line' id='line_1_22' title="bbox 234 2669 1330 2748; baseline 0.001 -21"><span class='ocrx_word' id='word_1_164' title='bbox 234 2672 432 2732; x_wconf 85' lang='lat' dir='ltr'>uersabantur</span> <span class='ocrx_word' id='word_1_165' title='bbox 454 2671 569 2731; x_wconf 91' lang='lat' dir='ltr'>illorum</span> <span class='ocrx_word' id='word_1_166' title='bbox 588 2677 745 2748; x_wconf 77' lang='lat' dir='ltr'>poetarum</span> <span class='ocrx_word' id='word_1_167' title='bbox 767 2671 943 2732; x_wconf 88' lang='lat' dir='ltr'>comoediae.</span> <span class='ocrx_word' id='word_1_168' title='bbox 970 2672 1069 2747; x_wconf 86' lang='lat' dir='ltr'>Atque</span> <span class='ocrx_word' id='word_1_169' title='bbox 1091 2670 1146 2730; x_wconf 91' lang='lat' dir='ltr'>hoc</span> <span class='ocrx_word' id='word_1_170' title='bbox 1166 2669 1265 2746; x_wconf 73' lang='lat' dir='ltr'>poesis</span> <span class='ocrx_word' id='word_1_171' title='bbox 1285 2686 1330 2728; x_wconf 89' lang='lat' dir='ltr'>ar·</span> 
     </span>
     <span class='ocr_line' id='line_1_23' title="bbox 235 2777 1329 2856; baseline 0.002 -22"><span class='ocrx_word' id='word_1_172' title='bbox 235 2782 416 2854; x_wconf 82' lang='lat' dir='ltr'>gementum,</span> <span class='ocrx_word' id='word_1_173' title='bbox 442 2777 521 2854; x_wconf 87' lang='lat' dir='ltr'>quod</span> <span class='ocrx_word' id='word_1_174' title='bbox 544 2778 662 2856; x_wconf 89' lang='lat' dir='ltr'>quidem</span> <span class='ocrx_word' id='word_1_175' title='bbox 682 2796 738 2856; x_wconf 90' lang='lat' dir='ltr'>per</span> <span class='ocrx_word' id='word_1_176' title='bbox 759 2797 791 2840; x_wconf 87' lang='lat' dir='ltr'>se</span> <span class='ocrx_word' id='word_1_177' title='bbox 813 2779 908 2854; x_wconf 89' lang='lat' dir='ltr'>ipsum</span> <span class='ocrx_word' id='word_1_178' title='bbox 930 2795 988 2838; x_wconf 92' lang='lat' dir='ltr'>non</span> <span class='ocrx_word' id='word_1_179' title='bbox 1008 2777 1100 2837; x_wconf 86' lang='lat' dir='ltr'>risum</span> <span class='ocrx_word' id='word_1_180' title='bbox 1121 2778 1219 2854; x_wconf 86' lang='lat' dir='ltr'>potius</span> <span class='ocrx_word' id='word_1_181' title='bbox 1240 2795 1329 2853; x_wconf 90' lang='lat' dir='ltr'>quam</span> 
     </span>
     <span class='ocr_line' id='line_1_24' title="bbox 236 2881 1329 2961; baseline 0.004 -22"><span class='ocrx_word' id='word_1_182' title='bbox 236 2881 368 2942; x_wconf 89' lang='lat' dir='ltr'>dolorem</span> <span class='ocrx_word' id='word_1_183' title='bbox 390 2887 480 2959; x_wconf 90' lang='lat' dir='ltr'>atque</span> <span class='ocrx_word' id='word_1_184' title='bbox 502 2883 652 2944; x_wconf 85' lang='lat' dir='ltr'>fastidium</span> <span class='ocrx_word' id='word_1_185' title='bbox 681 2901 802 2945; x_wconf 90' lang='lat' dir='ltr'>mouere</span> <span class='ocrx_word' id='word_1_186' title='bbox 830 2890 860 2945; x_wconf 93' lang='lat' dir='ltr'>et</span> <span class='ocrx_word' id='word_1_187' title='bbox 888 2887 924 2947; x_wconf 89' lang='lat' dir='ltr'>ab</span> <span class='ocrx_word' id='word_1_188' title='bbox 954 2884 1032 2944; x_wconf 93' lang='lat' dir='ltr'>omni</span> <span class='ocrx_word' id='word_1_189' title='bbox 1060 2883 1237 2961; x_wconf 85' lang='lat' dir='ltr'>perfectiore</span> <span class='ocrx_word' id='word_1_190' title='bbox 1264 2887 1329 2943; x_wconf 85' lang='lat' dir='ltr'>arta</span> 
     </span>
     <span class='ocr_line' id='line_1_25' title="bbox 236 2987 1329 3068; baseline 0.003 -22"><span class='ocrx_word' id='word_1_191' title='bbox 236 2987 396 3050; x_wconf 89' lang='lat' dir='ltr'>abhorrere</span> <span class='ocrx_word' id='word_1_192' title='bbox 418 2989 544 3068; x_wconf 83' lang='lat' dir='ltr'>uidetur,</span> <span class='ocrx_word' id='word_1_193' title='bbox 566 2989 782 3067; x_wconf 85' lang='lat' dir='ltr'>Aristophanes</span> <span class='ocrx_word' id='word_1_194' title='bbox 804 2995 947 3066; x_wconf 90' lang='lat' dir='ltr'>quaerat</span> <span class='ocrx_word' id='word_1_195' title='bbox 968 2991 1081 3067; x_wconf 87' lang='lat' dir='ltr'>ingenii</span> <span class='ocrx_word' id='word_1_196' title='bbox 1102 2990 1133 3049; x_wconf 92' lang='lat' dir='ltr'>ui</span> <span class='ocrx_word' id='word_1_197' title='bbox 1154 2993 1244 3065; x_wconf 87' lang='lat' dir='ltr'>atque</span> <span class='ocrx_word' id='word_1_198' title='bbox 1258 2989 1329 3049; x_wconf 89' lang='lat' dir='ltr'>artis</span> 
     </span>
     <span class='ocr_line' id='line_1_26' title="bbox 234 3093 1329 3172; baseline 0.003 -21"><span class='ocrx_word' id='word_1_199' title='bbox 234 3093 416 3169; x_wconf 85' lang='lat' dir='ltr'>perfectione</span> <span class='ocrx_word' id='word_1_200' title='bbox 445 3095 488 3155; x_wconf 91' lang='lat' dir='ltr'>ita</span> <span class='ocrx_word' id='word_1_201' title='bbox 507 3096 648 3155; x_wconf 85' lang='lat' dir='ltr'>tractauit</span> <span class='ocrx_word' id='word_1_202' title='bbox 680 3101 713 3156; x_wconf 89' lang='lat' dir='ltr'>ut</span> <span class='ocrx_word' id='word_1_203' title='bbox 742 3095 822 3157; x_wconf 92' lang='lat' dir='ltr'>omni</span> <span class='ocrx_word' id='word_1_204' title='bbox 852 3096 955 3157; x_wconf 88' lang='lat' dir='ltr'>dolore</span> <span class='ocrx_word' id='word_1_205' title='bbox 983 3114 1017 3156; x_wconf 90' lang='lat' dir='ltr'>ao</span> <span class='ocrx_word' id='word_1_206' title='bbox 1043 3096 1161 3156; x_wconf 91' lang='lat' dir='ltr'>fastidio</span> <span class='ocrx_word' id='word_1_207' title='bbox 1183 3094 1329 3172; x_wconf 86' lang='lat' dir='ltr'>superatis</span> 
     </span>
     <span class='ocr_line' id='line_1_27' title="bbox 237 3199 1329 3278; baseline 0.005 -21"><span class='ocrx_word' id='word_1_208' title='bbox 237 3199 335 3258; x_wconf 93' lang='lat' dir='ltr'>omnia</span> <span class='ocrx_word' id='word_1_209' title='bbox 354 3199 394 3259; x_wconf 90' lang='lat' dir='ltr'>ad</span> <span class='ocrx_word' id='word_1_210' title='bbox 425 3201 616 3262; x_wconf 82' lang='lat' dir='ltr'>laetissimam</span> <span class='ocrx_word' id='word_1_211' title='bbox 645 3202 825 3263; x_wconf 87' lang='lat' dir='ltr'>hilaritatem</span> <span class='ocrx_word' id='word_1_212' title='bbox 853 3207 884 3264; x_wconf 87' lang='lat' dir='ltr'>et</span> <span class='ocrx_word' id='word_1_213' title='bbox 911 3203 950 3262; x_wconf 91' lang='lat' dir='ltr'>ad</span> <span class='ocrx_word' id='word_1_214' title='bbox 979 3206 1154 3263; x_wconf 86' lang='lat' dir='ltr'>concentum</span> <span class='ocrx_word' id='word_1_215' title='bbox 1181 3201 1329 3278; x_wconf 88' lang='lat' dir='ltr'>quendam</span> 
     </span>
     <span class='ocr_line' id='line_1_28' title="bbox 234 3308 1328 3383; baseline 0.003 -18"><span class='ocrx_word' id='word_1_216' title='bbox 234 3323 468 3383; x_wconf 87' lang='lat' dir='ltr'>consensumque</span> <span class='ocrx_word' id='word_1_217' title='bbox 498 3326 595 3368; x_wconf 88' lang='lat' dir='ltr'>rerum</span> <span class='ocrx_word' id='word_1_218' title='bbox 623 3313 752 3368; x_wconf 83' lang='lat' dir='ltr'>uocaret</span> <span class='ocrx_word' id='word_1_219' title='bbox 794 3309 873 3368; x_wconf 88' lang='lat' dir='ltr'>Nam</span> <span class='ocrx_word' id='word_1_220' title='bbox 894 3309 924 3368; x_wconf 92' lang='lat' dir='ltr'>in</span> <span class='ocrx_word' id='word_1_221' title='bbox 945 3308 1104 3370; x_wconf 88' lang='lat' dir='ltr'>comoediis</span> <span class='ocrx_word' id='word_1_222' title='bbox 1126 3310 1187 3370; x_wconf 92' lang='lat' dir='ltr'>suis</span> <span class='ocrx_word' id='word_1_223' title='bbox 1208 3327 1275 3370; x_wconf 88' lang='lat' dir='ltr'>eum</span> <span class='ocrx_word' id='word_1_224' title='bbox 1296 3327 1328 3368; x_wconf 89' lang='lat' dir='ltr'>se</span> 
     </span>
     <span class='ocr_line' id='line_1_29' title="bbox 235 3411 1328 3492; baseline 0.005 -23"><span class='ocrx_word' id='word_1_225' title='bbox 235 3411 340 3470; x_wconf 89' lang='lat' dir='ltr'>uinclis</span> <span class='ocrx_word' id='word_1_226' title='bbox 371 3412 506 3473; x_wconf 88' lang='lat' dir='ltr'>ueritatis</span> <span class='ocrx_word' id='word_1_227' title='bbox 534 3431 654 3489; x_wconf 89' lang='lat' dir='ltr'>prorsus</span> <span class='ocrx_word' id='word_1_228' title='bbox 684 3414 839 3475; x_wconf 89' lang='lat' dir='ltr'>liberasset</span> <span class='ocrx_word' id='word_1_229' title='bbox 868 3415 998 3476; x_wconf 91' lang='lat' dir='ltr'>euolauit</span> <span class='ocrx_word' id='word_1_230' title='bbox 1030 3413 1079 3474; x_wconf 88' lang='lat' dir='ltr'>ille</span> <span class='ocrx_word' id='word_1_231' title='bbox 1107 3413 1226 3492; x_wconf 91' lang='lat' dir='ltr'>quidem</span> <span class='ocrx_word' id='word_1_232' title='bbox 1250 3416 1328 3474; x_wconf 91' lang='lat' dir='ltr'>omni</span> 
     </span>
     <span class='ocr_line' id='line_1_30' title="bbox 235 3516 1328 3598; baseline 0.003 -22"><span class='ocrx_word' id='word_1_233' title='bbox 235 3534 334 3576; x_wconf 92' lang='lat' dir='ltr'>rerum</span> <span class='ocrx_word' id='word_1_234' title='bbox 361 3516 556 3579; x_wconf 89' lang='lat' dir='ltr'>humanarum</span> <span class='ocrx_word' id='word_1_235' title='bbox 583 3518 702 3580; x_wconf 87' lang='lat' dir='ltr'>miseria</span> <span class='ocrx_word' id='word_1_236' title='bbox 730 3521 841 3581; x_wconf 88' lang='lat' dir='ltr'>solutus</span> <span class='ocrx_word' id='word_1_237' title='bbox 869 3539 904 3581; x_wconf 87' lang='lat' dir='ltr'>ac</span> <span class='ocrx_word' id='word_1_238' title='bbox 924 3522 998 3582; x_wconf 91' lang='lat' dir='ltr'>liber</span> <span class='ocrx_word' id='word_1_239' title='bbox 1019 3521 1106 3598; x_wconf 91' lang='lat' dir='ltr'>quasi</span> <span class='ocrx_word' id='word_1_240' title='bbox 1126 3520 1156 3579; x_wconf 91' lang='lat' dir='ltr'>in</span> <span class='ocrx_word' id='word_1_241' title='bbox 1178 3520 1328 3596; x_wconf 84' lang='lat' dir='ltr'>fastigium</span> 
     </span>
     <span class='ocr_line' id='line_1_31' title="bbox 236 3622 1328 3703; baseline 0.001 -21"><span class='ocrx_word' id='word_1_242' title='bbox 236 3622 384 3698; x_wconf 89' lang='lat' dir='ltr'>quoddam</span> <span class='ocrx_word' id='word_1_243' title='bbox 404 3623 517 3700; x_wconf 89' lang='lat' dir='ltr'>ingenii</span> <span class='ocrx_word' id='word_1_244' title='bbox 537 3625 753 3702; x_wconf 86' lang='lat' dir='ltr'>hilaritatisque</span> <span class='ocrx_word' id='word_1_245' title='bbox 775 3627 853 3688; x_wconf 92' lang='lat' dir='ltr'>unde</span> <span class='ocrx_word' id='word_1_246' title='bbox 875 3659 915 3670; x_wconf 93' lang='lat'><em>-</em></span> <span class='ocrx_word' id='word_1_247' title='bbox 937 3629 1034 3688; x_wconf 90' lang='lat' dir='ltr'>omnia</span> <span class='ocrx_word' id='word_1_248' title='bbox 1060 3645 1137 3703; x_wconf 89' lang='lat' dir='ltr'>quae</span> <span class='ocrx_word' id='word_1_249' title='bbox 1162 3626 1328 3686; x_wconf 91' lang='lat' dir='ltr'>hominibus</span> 
     </span>
     <span class='ocr_line' id='line_1_32' title="bbox 236 3727 1328 3812; baseline 0.004 -26"><span class='ocrx_word' id='word_1_250' title='bbox 236 3727 404 3789; x_wconf 84' lang='lat' dir='ltr'>acciderent</span> <span class='ocrx_word' id='word_1_251' title='bbox 431 3730 508 3789; x_wconf 91' lang='lat' dir='ltr'>infra</span> <span class='ocrx_word' id='word_1_252' title='bbox 535 3749 655 3792; x_wconf 81' lang='lat' dir='ltr'>ecesse</span> <span class='ocrx_word' id='word_1_253' title='bbox 685 3733 817 3794; x_wconf 87' lang='lat' dir='ltr'>iudicans</span> <span class='ocrx_word' id='word_1_254' title='bbox 838 3763 878 3774; x_wconf 94' lang='lat'>—</span> <span class='ocrx_word' id='word_1_255' title='bbox 906 3735 935 3793; x_wconf 94' lang='lat' dir='ltr'>in</span> <span class='ocrx_word' id='word_1_256' title='bbox 956 3735 1050 3812; x_wconf 89' lang='lat' dir='ltr'>ipsam</span> <span class='ocrx_word' id='word_1_257' title='bbox 1079 3734 1171 3792; x_wconf 91' lang='lat' dir='ltr'>uitam</span> <span class='ocrx_word' id='word_1_258' title='bbox 1191 3731 1276 3808; x_wconf 88' lang='lat' dir='ltr'>quasi</span> <span class='ocrx_word' id='word_1_259' title='bbox 1298 3731 1328 3790; x_wconf 92' lang='lat' dir='ltr'>in</span> 
     </span>
     <span class='ocr_line' id='line_1_33' title="bbox 236 3833 1328 3915; baseline 0.005 -23"><span class='ocrx_word' id='word_1_260' title='bbox 236 3833 366 3894; x_wconf 90' lang='lat' dir='ltr'>fabulam</span> <span class='ocrx_word' id='word_1_261' title='bbox 387 3834 536 3911; x_wconf 89' lang='lat' dir='ltr'>quandam</span> <span class='ocrx_word' id='word_1_262' title='bbox 558 3837 687 3914; x_wconf 86' lang='lat' dir='ltr'>inspexit</span> <span class='ocrx_word' id='word_1_263' title='bbox 708 3839 791 3898; x_wconf 88' lang='lat' dir='ltr'>cuius</span> <span class='ocrx_word' id='word_1_264' title='bbox 811 3844 912 3915; x_wconf 90' lang='lat' dir='ltr'>partes</span> <span class='ocrx_word' id='word_1_265' title='bbox 940 3843 1033 3914; x_wconf 87' lang='lat' dir='ltr'>agunt</span> <span class='ocrx_word' id='word_1_266' title='bbox 1060 3838 1116 3914; x_wconf 88' lang='lat' dir='ltr'>ipsi</span> <span class='ocrx_word' id='word_1_267' title='bbox 1144 3837 1277 3898; x_wconf 92' lang='lat' dir='ltr'>homines</span> <span class='ocrx_word' id='word_1_268' title='bbox 1298 3843 1328 3898; x_wconf 90' lang='lat' dir='ltr'>et</span> 
     </span>
     <span class='ocr_line' id='line_1_34' title="bbox 237 3940 1328 4020; baseline 0.002 -21"><span class='ocrx_word' id='word_1_269' title='bbox 237 3940 322 4001; x_wconf 81' lang='lat' dir='ltr'>dictis</span> <span class='ocrx_word' id='word_1_270' title='bbox 351 3946 382 4001; x_wconf 90' lang='lat' dir='ltr'>et</span> <span class='ocrx_word' id='word_1_271' title='bbox 411 3941 497 4001; x_wconf 89' lang='lat' dir='ltr'>factis</span> <span class='ocrx_word' id='word_1_272' title='bbox 523 3943 562 4002; x_wconf 92' lang='lat' dir='ltr'>ad</span> <span class='ocrx_word' id='word_1_273' title='bbox 588 3943 791 4003; x_wconf 90' lang='lat' dir='ltr'>admirandum</span> <span class='ocrx_word' id='word_1_274' title='bbox 819 3949 850 4005; x_wconf 92' lang='lat' dir='ltr'>et</span> <span class='ocrx_word' id='word_1_275' title='bbox 878 3943 917 4004; x_wconf 90' lang='lat' dir='ltr'>ad</span> <span class='ocrx_word' id='word_1_276' title='bbox 940 3943 1124 4004; x_wconf 88' lang='lat' dir='ltr'>inridendum</span> <span class='ocrx_word' id='word_1_277' title='bbox 1152 3945 1328 4020; x_wconf 88' lang='lat' dir='ltr'>spectatoris</span> 
     </span>
     <span class='ocr_line' id='line_1_35' title="bbox 237 4047 1328 4128; baseline 0.005 -24"><span class='ocrx_word' id='word_1_278' title='bbox 237 4047 366 4106; x_wconf 92' lang='lat' dir='ltr'>animum</span> <span class='ocrx_word' id='word_1_279' title='bbox 386 4053 614 4109; x_wconf 89' lang='lat' dir='ltr'>commouentes.</span> <span class='ocrx_word' id='word_1_280' title='bbox 657 4049 756 4126; x_wconf 84' lang='lat' dir='ltr'>Atque</span> <span class='ocrx_word' id='word_1_281' title='bbox 777 4051 820 4112; x_wconf 92' lang='lat' dir='ltr'>ita</span> <span class='ocrx_word' id='word_1_282' title='bbox 840 4081 879 4094; x_wconf 87' lang='lat'>-</span> <span class='ocrx_word' id='word_1_283' title='bbox 902 4050 932 4109; x_wconf 93' lang='lat' dir='ltr'>id</span> <span class='ocrx_word' id='word_1_284' title='bbox 960 4050 1039 4128; x_wconf 92' lang='lat' dir='ltr'>quod</span> <span class='ocrx_word' id='word_1_285' title='bbox 1060 4050 1194 4112; x_wconf 88' lang='lat' dir='ltr'>omnibus</span> <span class='ocrx_word' id='word_1_286' title='bbox 1215 4051 1328 4112; x_wconf 90' lang='lat' dir='ltr'>artibus</span> 
     </span>
     <span class='ocr_line' id='line_1_36' title="bbox 237 4133 1328 4236; baseline 0.003 -23"><span class='ocrx_word' id='word_1_287' title='bbox 237 4153 369 4232; x_wconf 87' lang='lat' dir='ltr'>inprimis</span> <span class='ocrx_word' id='word_1_288' title='bbox 390 4153 479 4215; x_wconf 89' lang='lat' dir='ltr'>debet</span> <span class='ocrx_word' id='word_1_289' title='bbox 500 4156 682 4234; x_wconf 88' lang='lat' dir='ltr'>propositum</span> <span class='ocrx_word' id='word_1_290' title='bbox 705 4173 770 4217; x_wconf 92' lang='lat' dir='ltr'>csse</span> <span class='ocrx_word' id='word_1_291' title='bbox 785 4189 823 4200; x_wconf 85' lang='lat'>—-</span> <span class='ocrx_word' id='word_1_292' title='bbox 840 4158 925 4235; x_wconf 90' lang='lat' dir='ltr'>quasi</span> <span class='ocrx_word' id='word_1_293' title='bbox 946 4133 1101 4219; x_wconf 70' lang='lat' dir='ltr'>cohortata</span> <span class='ocrx_word' id='word_1_294' title='bbox 1118 4158 1237 4236; x_wconf 83' lang='lat' dir='ltr'>ingenio</span> <span class='ocrx_word' id='word_1_295' title='bbox 1259 4150 1328 4216; x_wconf 89' lang='lat' dir='ltr'>arti·</span> 
     </span>
    </p>
   </div>
   <div class='ocr_carea' id='block_1_3' title="bbox 0 0 1566 4816">
    <p class='ocr_par' dir='ltr' id='par_1_6' title="bbox 0 0 1566 4816">
     <span class='ocr_line' id='line_1_37' title="bbox 0 0 1566 4816; baseline 0 0"><span class='ocrx_word' id='word_1_296' title='bbox 0 0 1566 4816; x_wconf 95' lang='lat' dir='ltr'> </span> 
     </span>
    </p>
   </div>
  </div>
 </body>
</html>
