3120 4816
695 377 898 442 „12-

252 541 450 616 perducerent
488 546 521 602 ut
560 542 705 604 sociorum
740 542 868 605 studium
901 561 1091 620 amoremque
1124 562 1183 620 quo
1214 543 1269 604 sibi
1302 544 1345 602 illi

253 647 412 708 etiamnum
433 648 563 708 deuincti
585 653 685 709 essent
705 649 799 724 magis
824 650 978 725 magisque
1004 669 1022 707 a
1047 669 1079 711 se
1102 625 1281 710 auertentes
1295 649 1345 708 im-

251 753 364 828 perium
384 747 512 829 ipsum²⁶
529 753 655 830 denique
669 754 829 830 perderent
848 755 901 814 sed
913 760 946 814 ut
967 756 1127 816 clementer
1150 755 1192 816 eis
1214 759 1244 815 et
1265 772 1344 813 man-

252 863 335 919 suete
357 860 387 919 in
405 863 557 937 posterum
583 860 772 936 imperarent.
807 859 893 932 Quod
913 865 946 920 ut
969 861 1121 921 efficerent
1149 860 1345 921 Athenienses

252 969 282 1023 ot
302 967 461 1040 populares
483 943 554 1024 istos
576 965 627 1040 qui
648 983 702 1024 sua
722 970 837 1026 tantum
857 967 1008 1027 commoda
1021 965 1152 1042 undique
1166 970 1346 1041 quaererent

251 1088 305 1130 nec
326 1088 363 1129 ea
384 1070 502 1129 minima
523 1073 670 1148 oppressis
693 1071 779 1132 sociis
803 1103 840 1116 -
862 1089 880 1129 a
902 1073 990 1132 rebus
1009 1072 1149 1149 gerendis
1163 1070 1344 1131 emouendos

251 1193 348 1252 neque
371 1178 476 1236 stultos
497 1177 675 1253 inutilesque
696 1177 830 1238 homines
851 1171 973 1238 duces²⁷
994 1177 1137 1238 creandos
1160 1194 1224 1236 esse
1237 1176 1344 1236 docuit.

252 1281 383 1354 Quorum
403 1283 591 1358 popularium
612 1283 662 1358 qui
682 1287 745 1342 tum
760 1283 878 1358 quidem
896 1284 1033 1360 princeps
1048 1288 1112 1343 erat
1128 1288 1158 1343 et
1173 1283 1256 1358 quasi
1277 1281 1346 1341 ciui-

250 1387 319 1446 tatis
341 1405 499 1463 personam
530 1390 654 1463 gerebat
682 1388 822 1448 Cleonem
849 1387 1079 1466 Babyloniorum
1109 1389 1161 1446 illa
1191 1388 1343 1448 comoedia

251 1491 465 1568 Aristophanes
512 1497 631 1569 praeter
676 1499 792 1553 ceteros
839 1495 989 1555 accusauit
1037 1491 1073 1536 -’-
1114 1495 1203 1558 ¹cuius
1243 1493 1344 1554 intem·

250 1598 386 1672 perantia
415 1616 481 1658 cum
511 1599 570 1656 alia
598 1601 691 1658 multa
726 1599 904 1659 detrimenta
934 1600 1100 1676 respublica
1130 1601 1257 1676 cepisset
1282 1604 1345 1659 tum

250 1709 337 1764 aucta
356 1705 388 1763 in
409 1703 473 1763 dies
495 1704 621 1763 saeuitia
640 1703 849 1765 labefactatum
872 1709 951 1764 esset
972 1705 1116 1763 sociorum
1138 1705 1250 1764 foedus.

350 1809 410 1870 Sed
431 1810 524 1885 ipsam
545 1810 691 1869 actionem
711 1828 867 1885 rerumque
889 1810 1110 1885 dispositionem
1126 1810 1211 1869 huius
1226 1828 1344 1886 quoque

250 1915 368 1975 fabulae
388 1917 476 1991 plane
498 1915 675 1990 ignoramus.
697 1916 803 1990 Neque
826 1916 905 1974 aliud
926 1917 1082 1991 quiequam
1103 1933 1141 1974 ex
1161 1916 1345 1992 paucissimis

249 2021 368 2081 fabulae
396 2021 529 2096 reliquiis
550 2023 580 2080 et
601 2024 736 2082 ueterum
757 2021 933 2081 testimoniis
963 2019 1159 2097 comperimus
1189 2021 1244 2080 nisi
1266 2021 1345 2097 quod
1459 2083 1462 2090 ,

250 2131 330 2189 chori
359 2132 459 2204 partes
487 2127 620 2188 homines
656 2132 781 2204 egerunt
812 2128 936 2187 Asiatici
964 2121 1084 2188 barbari
1121 2129 1278 2203 Babylonii
1307 2130 1344 2188 ab

250 2234 448 2311 Aristophane
470 2233 602 2292 sollemni
624 2235 740 2293 nomine
762 2233 859 2294 uocati
880 2234 931 2309 qui
951 2239 1077 2294 noctuae
1103 2239 1174 2294 nota
1202 2234 1290 2294 inusti
1312 2240 1344 2293 ut

253 2339 477 2400 Atheniensium
505 2340 582 2399 serui
609 2339 717 2415 publici
749 2343 838 2416 atque
871 2340 1015 2400 sociorum
1046 2345 1128 2400 scuto
1156 2340 1287 2415 insigniti
1314 2341 1344 2398 in

252 2447 378 2524 pistrino
411 2445 572 2506 turbulenti
605 2446 755 2506 cuiusdam
787 2446 860 2506 einis
891 2447 998 2506 sudant
1020 2451 1050 2506 et
1070 2447 1214 2507 laborant.
1257 2445 1345 2505 Chori

252 2570 323 2612 uero
354 2552 431 2612 illius
460 2568 588 2628 persona
619 2553 657 2612 ab
693 2551 891 2627 Aristophane
929 2552 1023 2612 socios
1060 2551 1241 2627 significatos
1278 2569 1344 2611 esse

252 2662 377 2718 uexatos
402 2658 440 2717 ab
470 2656 700 2718 Atheniensibus
730 2675 765 2717 ac
795 2675 889 2733 paene
920 2675 1088 2734 oppressos,
1117 2673 1245 2732 persona
1271 2657 1344 2716 ciuis

252 2765 329 2824 illius
349 2764 445 2840 ipsum
467 2761 607 2822 Cleonem
628 2762 806 2840 descriptum
829 2781 893 2823 esse
916 2763 1002 2823 facile
1024 2765 1202 2838 apparuerit.

352 2868 411 2930 Sed
431 2872 465 2928 ut
486 2885 587 2928 eorum
615 2886 691 2944 quae
722 2867 783 2926 dixi
813 2886 955 2927 summam
984 2868 1089 2927 faciam
1116 2867 1344 2944 Aristophanem

253 2975 341 3035 ctiam
362 2975 392 3033 iu
413 2975 468 3035 hac
489 2975 718 3050 Babyloniorum
739 2975 839 3035 fabula
871 2976 901 3034 id
930 2975 1027 3051 egisse
1056 2973 1244 3034 statuendum
1273 2974 1343 3033 mihi

253 3085 371 3144 uidetur
397 3086 430 3141 ut
458 3081 615 3140 uniuersae
645 3080 825 3158 reipublicae
855 3053 1045 3141 Atheniensis
1073 3080 1158 3156 quasi
1184 3079 1341 3156 imaginem

254 3191 419 3266 effingeret.

352 3293 437 3368 Quod
475 3311 563 3370 quam
596 3293 729 3368 grauiter
767 3310 915 3368 quamque
953 3294 1071 3371 copiose
1114 3292 1344 3366 Babyloniorum

252 3396 352 3456 fabula
383 3400 518 3459 effectum
548 3399 586 3458 sit
618 3375 847 3460 luculentissime
880 3404 1006 3478 apparet
1041 3418 1107 3459 cum
1145 3417 1190 3486 ex,
1212 3398 1344 3473 praemio

253 3503 332 3578 quod
361 3511 534 3566 consecutus
559 3510 604 3564 est
636 3505 687 3582 qui
712 3505 841 3564 fabulam
872 3505 1012 3566 docuerat
1038 3510 1100 3565 tum
1130 3523 1167 3564 ex
1196 3505 1239 3564 eis
1268 3522 1343 3579 quae

253 3609 339 3670 docta
367 3611 468 3672 fabula
495 3611 565 3672 Cleo
593 3615 694 3671 eontra
726 3629 793 3672 eum
824 3611 875 3687 qui
895 3605 1014 3688 ‘poetae
1049 3612 1115 3671 uice
1144 3613 1207 3670 erat
1226 3607 1344 3668 iunctus

253 3716 369 3776 molitus
390 3721 444 3776 est.

351 3823 381 3882 ls
402 3823 479 3883 euim
499 3823 563 3899 ipse
583 3824 765 3901 potissimum
787 3824 844 3884 ista
864 3821 965 3884 fabula
996 3828 1123 3883 uexatus
1144 3821 1341 3881 Callistratum

245 4023 706 4116 'ammmm.

353 4153 376 4188 ²⁷
395 4146 485 4204 Schol.
503 4147 572 4203 Aah.
591 4149 650 4202 502.
668 4149 718 4202 nit.
737 4147 786 4204 Ar.
805 4147 868 4204 Xll.
881 4151 902 4212 ,ξ
911 4149 937 4205 4.
956 4147 998 4204 ed.
1017 4147 1118 4216 Bergk.
