3120 4816
666 386 863 448 ..31-.

219 551 322 616 cam³s
343 556 405 614 sola
426 571 500 630 pace
516 553 592 614 effici
613 570 700 629 posse
721 553 907 612 intellexerat
921 552 997 612 hello
1017 551 1100 627 quasi
1117 551 1308 611 fundamento

218 661 413 720 communium
440 663 604 734 temporum
630 657 706 718 labis
734 675 767 715 ac
796 655 937 733 perniciei
965 659 1052 733 plane
1080 673 1193 716 euerso.
1243 654 1309 728 Qua

218 767 247 824 in
268 764 385 825 refore
407 767 440 823 ut
461 764 503 823 eis
524 763 574 839 qui
596 763 686 822 uariis
708 763 804 822 causis
826 763 963 822 commoti
983 761 1065 838 pacis
1090 761 1188 838 cupidi
1210 765 1310 820 essent

156 911 157 914 κ
220 867 1309 948 comprobardturetadiuuareturAristophanemsperasseconsentaneum

221 981 275 1036 est.
297 977 374 1035 Nam
395 975 458 1052 ipse
480 974 578 1033 multis
599 973 832 1034 Achai-nensium
853 973 924 1032 locis
945 973 1014 1034 dicit
1036 991 1068 1032 se
1086 973 1178 1049 probe
1200 972 1274 1032 scire
1282 967 1309 1008 ³⁹

218 1082 315 1142 omnia
344 1100 376 1142 se
405 1082 564 1158 periclitari
591 1083 663 1143 illud
691 1083 863 1158 adgressum
895 1099 953 1158 quo
980 1085 1029 1142 uel
1058 1081 1185 1141 maxime
1208 1099 1307 1141 eorum

216 1189 348 1264 potentia
361 1159 564 1248 contineretuf
575 1189 626 1265 qui
640 1193 702 1249 tum
713 1188 921 1264 rempublicam
933 1187 1156 1247 Atheniensium
1170 1192 1309 1263 gererent

218 1300 248 1356 et
260 1296 339 1372 quod
353 1295 445 1354 maior
460 1295 560 1372 populi
575 1311 643 1372 pars
654 1294 870 1370 apopularibus
880 1293 968 1352 ducta
976 1297 1147 1352 sectaretur.
1169 1293 1308 1352 Attamen

218 1403 306 1460 etiarn
328 1397 444 1460 addit⁴⁰
464 1405 497 1461 ut
518 1399 548 1458 id
569 1417 685 1477 semper
706 1400 817 1476 egisset
838 1418 875 1460 ex
897 1417 955 1475 quo
977 1399 1144 1458 comoedias
1165 1399 1306 1458 scriberet

217 1513 249 1567 ut
271 1507 378 1584 populo
399 1505 478 1584 quod
499 1509 606 1567 bonum
622 1524 656 1565 ac
674 1507 783 1566 iustum
796 1510 874 1566 esset
889 1505 1027 1566 suaderet
1041 1505 1083 1564 ita
1096 1523 1173 1564 nunc
1187 1521 1304 1581 quoque

216 1633 248 1674 se
269 1632 328 1674 uon
349 1613 587 1674 reformidantem
609 1630 685 1689 quae
707 1611 778 1672 Cleo
800 1613 1017 1673 machinaretur
1038 1606 1150 1671 hona⁴1
1180 1615 1210 1669 et
1230 1610 1308 1685 iusta

216 1737 270 1779 sua
285 1737 380 1781 ,causa
399 1718 506 1778 fretum
527 1718 606 1794 quod
627 1719 767 1795 optimum
796 1719 850 1779 sibi
871 1725 967 1778 uisum
998 1723 1077 1778 esset
1103 1717 1211 1793 populo
1233 1734 1307 1776 com-

217 1825 421 1886 mendaturum
447 1842 521 1884 esse.

314 1947 400 2020 Quod
421 1954 453 2009 ut
475 1949 586 2008 faceret
608 1950 672 2026 ipsa
694 1952 742 2010 uel
763 1950 889 2010 manime
917 1950 1057 2028 temporis
1086 1949 1305 2027 opportunitate

215 2053 442 2130 Aristophanem
462 2059 638 2114 commotum
660 2073 727 2116 esee
748 2056 883 2116 arbitror.
926 2057 1004 2119 Nam
1030 2055 1227 2114 Athenienses
1256 2057 1307 2130 qui

214 2160 410 2236 prosperrime
430 2161 516 2218 modo
537 2179 600 2220 rem
620 2166 774 2237 gesserent
791 2167 861 2221 tuno
873 2160 1116 2222 Lacedaemoniis
1130 2161 1205 2221 ultro
1225 2163 1307 2237 pacis

216 2263 402 2324 condiciones
422 2265 501 2326 ferne
515 2272 675 2342 potuerunt
686 2267 869 2327 auctoritatis
890 2268 940 2327 uel
956 2267 1107 2342 dignitatis
1123 2267 1203 2327 nullo
1220 2266 1307 2326 detri-
1361 2327 1365 2334 ,

215 2375 313 2430 mento
334 2376 430 2449 capto.
453 2373 678 2432 Lacedaemonii
701 2377 799 2432 autom
821 2391 944 2448 quorum
965 2373 1124 2432 auctoritas
1146 2391 1211 2432 oum
1227 2374 1305 2434 bello

213 2494 268 2551 per
289 2494 343 2537 sex
364 2494 456 2536 annos
477 2483 562 2552 gesto
584 2479 647 2540 fere
668 2479 739 2539 nihil
760 2479 909 2540 consecuti
932 2482 1030 2538 essent
1063 2479 1093 2537 in
1120 2496 1228 2555 magno
1250 2479 1305 2538 dis-

195 2581 335 2670 crimine
377 2587 455 2642 esset
499 2585 569 2658 quin
611 2585 714 2666 aequis
755 2584 972 2645 condicionibus
1013 2602 1116 2660 pacem
1159 2587 1306 2662 accepturi

216 2691 314 2747 essent
344 2687 472 2748 dubitari
503 2689 554 2748 uix
583 2690 688 2766 potuit.
739 2689 911 2750 Ceterorum
941 2708 1012 2750 uero
1045 2689 1224 2750 Graecorum
1255 2692 1306 2766 qui

215 2809 291 2866 quae
316 2793 545 2854 Lacedaemonii
571 2795 773 2870 promisissent
801 2813 935 2871 quaeque
956 2796 1011 2871 ipsi
1033 2801 1203 2873 sperassent
1224 2796 1306 2856 adse-

215 2898 272 2957 cuti
295 2917 353 2958 non
384 2904 483 2960 essent
515 2900 564 2959 uel
583 2901 724 2976 plurimos
753 2902 890 2961 restituta
921 2902 1095 2962 commercia
1122 2907 1151 2961 et
1173 2919 1305 2962 securam

214 3003 375 3078 patriorum
395 3004 537 3065 festorum
567 3006 794 3066 celebrationem
824 3007 900 3066 bello
928 3007 1092 3083 pernicioso
1124 3007 1306 3067 antelaturos

102 3123 106 3131 ·
215 3127 279 3169 esse
301 3110 440 3170 constitit.

313 3233 371 3292 Sed
391 3235 528 3308 quamuis
558 3252 650 3310 mane
679 3240 758 3295 esset
779 3240 868 3311 atque
895 3237 1003 3296 serium
1024 3237 1104 3313 quod
1124 3238 1304 3314 propositum

214 3339 240 3397 ei
264 3343 327 3396 erat
347 3341 451 3402 tamen
472 3323 569 3400 ioco'se
590 3343 705 3400 tanturn
728 3346 758 3400 et
778 3341 870 3401 hilare
891 3361 968 3418 quae
991 3347 1035 3402 est
1050 3345 1155 3402 natbra
1175 3343 1304 3403 comicae

212 3443 285 3502 artis
307 3442 519 3521 Aristophanes
541 3445 613 3530 illud
633 3447 763 3521 protulit.
806 3447 890 3508 Adde
922 3448 1002 3522 quod
1022 3447 1101 3507 haud
1122 3449 1270 3524 ignorauit
1278 3443 1305 3486 ⁴²

215 3619 460 3628 ...n—mm

312 3733 335 3768 ³⁵
355 3728 456 3797 Bergk.
476 3729 524 3784 Ar.
543 3727 574 3783 fr.
593 3746 621 3799 p.
640 3732 681 3786 97.
700 3731 773 3786 der.
792 3749 815 3788 c.
834 3749 858 3787 a.
877 3749 902 3788 a.
920 3750 946 3802 p.
964 3735 1023 3790 323.

314 3816 338 3854 ³⁹
356 3814 424 3870 th.
444 3815 495 3870 313
513 3829 554 3883 eq.
573 3815 632 3870 562.
652 3817 709 3870 128.
728 3817 786 3871 289.
806 3817 866 3872 526.
883 3819 942 3874 205.
962 3820 1022 3877 aba

312 3902 336 3939 ⁴⁰
354 3899 422 3953 Aah.
441 3902 492 3954 360
528 3901 586 3955 383.
605 3901 664 3956 402.
683 3901 742 3954 496.
757 3893 816 3956 633ζ
834 3902 898 3958 Pac.
913 3903 972 3958 738.
992 3905 1076 3973 Vesp.
1092 3907 1166 3961 1051.
1182 3905 1232 3974 Eq.
1243 3908 1301 3964 509.

213 3983 316 4051 Bri-gh.
336 4001 359 4039 o.
378 4001 401 4040 e.
421 4002 441 4039 r.
459 4001 485 4054 p.
504 3987 555 4039 416
573 4001 614 4054 sq.
674 4045 682 4062 ,

312 4073 335 4108 ⁴¹
354 4070 420 4126 Ach.
439 4072 489 4124 626
507 4085 549 4140 aq.
568 4073 627 4127 641.

312 4157 336 4194 ⁴²
354 4155 405 4228 aq.
424 4155 465 4210 40.
485 4156 545 4211 644.
