3120 4816
672 422 853 486 ..3.-

238 615 328 658 unum
358 597 454 657 iudico
486 591 722 654 callistratum1²
751 594 843 655 fuisse
872 593 999 654 eundem
1026 612 1081 670 per
1110 613 1198 672 quem
1223 601 1329 674 postea

238 720 314 779 quae
336 703 417 764 Auos
439 707 469 763 et
490 702 656 777 Lysistrata
680 701 879 761 inscribuntur
899 699 1066 760 comoedias
1086 701 1172 763 facile
1196 707 1328 781 praecla-

236 810 367 870 rissimas
388 811 418 870 in
439 827 576 869 scaenam
598 807 748 868 commisit.
777 807 872 880 Quem
893 825 956 867 non
978 808 1063 867 modo
1084 808 1254 870 histrionem
1275 812 1328 871 sed

236 915 325 974 etiam
350 912 506 993 postam¹³
536 914 626 976 luisse
656 920 686 976 et
712 933 780 974 eum
806 915 987 990 temporibus
1014 914 1070 975 illis
1098 915 1250 976 laudatum
1271 918 1328 978 etsi

235 1022 353 1083 aliunde
375 1040 434 1083 non
456 1027 570 1083 constat
591 1027 691 1082 tamen
711 1038 761 1080 res
782 1021 848 1096 ipsa
869 1020 938 1079 mihi
961 1019 1066 1083 docere
1087 1021 1215 1083 uidetur.
1249 1024 1328 1082 Eun-

236 1129 303 1189 dem
324 1147 395 1188 uero
417 1133 448 1188 et
468 1129 563 1190 uirum
585 1132 767 1188 constantem
788 1131 878 1202 atque
901 1126 1009 1203 optime
1031 1127 1068 1187 de
1086 1129 1237 1204 republica
1259 1146 1325 1190 sen-

235 1236 357 1294 tIentem
378 1239 409 1294 et
430 1235 554 1294 amicum
574 1233 780 1310 Aristophanis
808 1232 981 1292 concordem
1009 1233 1100 1292 fulsse
1126 1235 1196 1294 licet
1226 1233 1327 1294 etiam·
1353 1223 1355 1228 ’

235 1357 313 1399 nunc
333 1357 494 1416 cognoscas
515 1339 584 1400 inde
604 1339 685 1416 quod
705 1356 760 1398 nec
780 1338 893 1398 neritus
905 1342 950 1398 est
970 1338 1092 1414 quaein
1110 1338 1153 1398 eis
1170 1339 1327 1400 comoediis

234 1445 382 1505 liberrime
407 1446 454 1504 hic
482 1445 600 1521 quidem
631 1444 667 1504 de
695 1445 846 1520 republica
876 1444 1051 1505 Atheniensi
1082 1444 1264 1505 iudicauerat
1293 1452 1326 1506 ut

235 1569 289 1611 sna
308 1551 441 1629 proferre
463 1556 552 1627 atque
582 1550 743 1611 defendere
768 1568 865 1625 neque
897 1550 1046 1612 recusauit
1074 1552 1210 1625 quamuis
1230 1551 1326 1628 Baby·

235 1657 321 1717 loniis
343 1653 437 1718 doctis
459 1659 496 1718 ab
518 1656 627 1718 Olecne
649 1658 679 1716 in
702 1657 747 1717 ius
767 1653 927 1718 uocatus¹⁴
956 1675 1046 1733 aegre
1074 1659 1226 1718 absolutus
1248 1664 1327 1719 esset

235 1764 306 1840 quin
333 1764 392 1824 iam
418 1763 584 1840 insequenti
612 1781 690 1823 anno
717 1780 770 1823 suo
799 1763 905 1824 iterum
937 1763 1055 1823 nomine
1084 1761 1326 1824 Acharuenses¹⁵

234 1868 439 1946 Aristophanis
467 1871 497 1928 in
517 1887 654 1930 scaenam
674 1869 861 1947 produceret.
903 1868 994 1930 Cuius
1020 1869 1138 1930 fabulae
1168 1889 1233 1930 cum
1263 1871 1327 1932 aliis

233 1975 305 2034 locis
325 1979 388 2034 tum
408 1975 545 2051 parabasi
567 1975 780 2052 Aristophanes
801 1975 1000 2035 Callistratum
1025 1975 1149 2053 perinde
1178 1994 1212 2035 ac
1234 1977 1258 2036 si
1279 1977 1326 2036 hic

234 2081 403 2141 comoediae
424 2083 527 2140 auctor
555 2081 645 2141 luerit
676 2099 708 2140 se
739 2081 835 2157 ipsum
862 2081 995 2157 pluribus
1018 2080 1226 2141 defendentem
1255 2081 1326 2142 iacit

234 2186 456 2246 acontumeliis'
501 2186 566 2246 istis
603 2187 776 2263 iniuriisque
811 2186 1060 2278 aduersariorum.
1119 2186 1206 2260 Quod
1245 2187 1324 2248 illum

233 2290 352 2365 quidem
372 2289 478 2353 fecisse
500 2311 565 2352 cum
587 2290 782 2353 intellexisset
804 2311 869 2353 sese
891 2293 1029 2352 iuuenem
1051 2293 1157 2353 nullius
1177 2298 1239 2353 tum
1258 2311 1324 2354 auc·

235 2398 371 2476 turbatis,
394 2417 483 2474 quem
504 2399 617 2474 aliquot
631 2404 698 2476 post
715 2398 881 2458 annisOleo
898 2399 986 2458 etiam
1009 2398 1184 2460 uerberibus
1192 2395 1218 2436 1⁶
1241 2401 1326 2461 casti-

235 2521 323 2580 gasse
351 2506 466 2582 dieitur,
495 2507 518 2565 si
546 2507 644 2581 palam
665 2523 784 2566 causam
806 2504 975 2580 callistrati,
1000 2522 1076 2580 quae
1098 2523 1131 2564 re
1152 2523 1225 2565 uera
1247 2511 1326 2565 esset

235 2627 297 2689 sua,
319 2629 372 2672 sno
394 2612 425 2671 in
446 2629 478 2672 se
499 2612 617 2671 nomine
638 2613 816 2689 suscepisset
837 2609 909 2668 nihil
930 2610 978 2669 uel
1002 2628 1106 2686 parum
1134 2611 1238 2687 utiquc
1259 2629 1327 2687 pro·

235 2717 381 2778 lecturum
403 2735 468 2778 esse
491 2718 557 2794 quis
578 2718 695 2793 estqui
716 2715 830 2793 neget?

332 2825 396 2882 Iam
417 2841 489 2883 uero
511 2842 576 2883 oum
598 2823 695 2882 omnia
715 2823 825 2899 optime
847 2824 1016 2882 euenissent
1037 2827 1128 2899 atque
1140 2821 1325 2882 Callistratus

234 2929 461 2989 Dastaleusibus
481 2929 714 3005 Babyloniisque
736 2928 829 2988 doctis
855 2929 1012 3006 secundus,
1033 2927 1274 2988 Acharnensibus
1295 2928 1325 2986 in

233 3052 370 3096 scaenam
390 3035 552 3096 commissis
579 3035 709 3111 primus·
725 3053 764 3094 ex
788 3035 948 3094 certamine
976 3033 1070 3094 uictor
1096 3035 1240 3095 euasisset
1260 3033 1325 3092 Ari-

233 3141 392 3218 stophanes
418 3142 517 3217 palam
545 3139 695 3218 professus
722 3144 768 3201 est
798 3157 830 3200 se
858 3139 954 3216 ipsum
986 3156 1051 3200 esse
1078 3157 1181 3200 uerum
1208 3139 1324 3198 illarum

231 3247 397 3308 fabularum
417 3250 581 3306 auctorem:
604 3245 634 3304 id
654 3245 734 3320 quod
761 3245 870 3304 amicos
897 3245 1052 3305 nonnullos
1080 3248 1321 3320 spectatoresque

333 3526 353 3560 ¹²
372 3535 451 3574 anon.
470 3519 504 3574 de
521 3534 590 3574 com.
608 3519 629 3573 I.
648 3535 675 3588 p.
695 3519 771 3574 VIII.
789 3519 815 3572 in
834 3518 885 3572 Th.
905 3517 1003 3584 Bergk.
1021 3517 1070 3571 Ar.
1085 3517 1128 3574 ed.
1145 3516 1181 3583 Il,
1195 3515 1322 3570 ibid.III.

231 3600 294 3676 περὶ
314 3597 414 3672 supp&
435 3606 505 3669 §12
529 3619 574 3672 ap.
593 3604 675 3658 Dind.
700 3621 727 3672 p.
745 3605 788 3658 23.
807 3602 855 3658 Ill.
883 3605 913 3668 (t.
931 3603 980 3658 IV.
1003 3605 1028 3656 1.
1051 3602 1123 3670 prol.
1147 3602 1182 3655 de
1207 3615 1275 3653 com.
1293 3616 1321 3668 p.

233 3692 319 3756 1959.)
337 3706 400 3758 opp.
421 3689 507 3745 schol.
525 3689 597 3745 Nub.
615 3689 665 3744 527
691 3704 732 3756 sq.
751 3689 800 3742 uit.
818 3689 867 3742 Ar.
886 3688 936 3743 IV.
964 3703 991 3757 p.
1009 3687 1058 3741 IX.
1081 3686 1181 3755 Bergk.
1202 3685 1264 3740 XII.
1287 3685 1321 3740 cf.

231 3775 299 3831 Ach.
319 3776 370 3830 Au.
391 3775 510 3844 Lyststr.
529 3774 621 3843 Bergk
639 3774 666 3827 in
690 3775 767 3829 Mein.
796 3773 825 3827 F.
844 3772 874 3830 0.
900 3773 934 3827 II.
953 3773 1012 3828 923.
1040 3773 1189 3828 Altuellcr.
1213 3771 1255 3826 ed.
1273 3770 1315 3829 Ar.

231 3859 301 3916 Ach.
320 3859 405 3929 praef.
423 3860 518 3916 Blmsl.
536 3861 571 3916 ad
589 3859 659 3914 Ach.
677 3861 737 3914 355.

333 3949 354 3986 ¹³
373 3944 516 4000 OMceller.
534 3946 552 4000 l.
570 3945 588 3998 l.
608 3943 670 3999 coll.
688 3945 723 3998 Il.
741 3945 800 3999 202.

332 4033 353 4070 ¹⁴
371 4029 457 4086 schol.
475 4029 562 4098 Vesp.
581 4029 656 4084 1284.
676 4029 792 4084 Ohluell.
811 4029 847 4083 Il.
865 4030 924 4084 219.

331 4121 353 4156 ¹⁵
371 4132 475 4186 argum.
495 4114 563 4170 Ach.
583 4115 644 4170 coll.
665 4115 735 4170 Ach.
754 4131 781 4169 u.
799 4115 859 4170 499.

330 4203 352 4240 ¹⁶
370 4202 454 4270 Vesp.
475 4200 549 4254 1284.
872 4213 879 4226 ·
