3120 4816
691 414 894 477 ..30-

247 583 375 643 cessario
406 581 635 660 exspectandam
665 599 731 643 esse
762 581 1006 658 prudentissimus
1034 581 1159 658 quisque
1181 581 1337 642 intellexit.

246 687 353 763 Neque
374 687 529 749 defuerant
551 707 589 748 ex
610 707 667 765 quo
688 688 797 748 bellum
819 688 929 750 exarsit
961 687 1011 764 qui
1039 705 1158 764 operam
1179 687 1284 747 darent
1305 692 1337 746 ut

246 811 305 870 pax
327 795 507 855 conueniret.

345 899 442 976 Atque
452 900 566 960 Pericle
587 901 747 960 etiamnum
768 899 837 959 uiuo
848 899 981 976 inprimis
995 899 1095 960 comici
1112 905 1219 976 poetae
1229 895 1257 937 ³⁵
1278 918 1337 959 ma-

246 1006 340 1064 lorum
361 1004 525 1066 futurorum
547 1006 632 1082 quasi
651 1007 768 1082 pronidi
789 1023 823 1065 ac
844 1005 1012 1082 praenuntii
1025 1006 1124 1082 palam
1141 1023 1244 1080 pacem
1261 1023 1336 1066 com-

247 1111 432 1172 mendarunt.
475 1111 514 1172 Hi
541 1129 613 1172 uero
640 1112 748 1188 aliique
769 1116 802 1173 ut
824 1116 908 1172 erant
934 1111 1089 1187 pauciores
1111 1110 1182 1170 nihil
1203 1109 1337 1170 obtinere

249 1223 406 1296 potuerant
437 1235 503 1277 cum
529 1218 658 1279 Pericles
692 1237 751 1294 qua
781 1219 836 1278 suit
856 1217 1034 1292 auctoritate
1059 1221 1149 1292 atque
1171 1217 1339 1292 eloquentia

245 1325 352 1384 iterum
379 1343 414 1384 ae
437 1323 555 1399 saepius
587 1325 700 1385 ciuibus
732 1323 925 1402 persuaderet
956 1325 990 1383 ut
1022 1323 1052 1382 in
1078 1323 1155 1383 bello
1182 1323 1261 1400 quod
1281 1323 1338 1399 ipsi

248 1429 448 1492 decreuissent
479 1435 648 1490 constanter
674 1435 911 1509 perseuerarent.
955 1429 1068 1489 Pericle
1095 1434 1195 1490 autem
1222 1435 1337 1490 mortuo

247 1511 313 1595 cum
334 1553 447 1596 summa
471 1553 569 1595 rerum
596 1535 634 1594 ad
653 1537 810 1612 populares
832 1536 998 1596 deuenisset
1027 1535 1077 1611 qui
1098 1539 1213 1594 tautum
1234 1537 1338 1596 aberat

247 1646 280 1700 ut
301 1641 378 1700 bello
399 1645 553 1700 uterentur
584 1640 623 1699 ad
649 1641 744 1701 maius
776 1641 848 1702 illud
882 1641 1104 1717 adaequandum
1134 1641 1214 1718 quod
1233 1642 1339 1701 Pericli

247 1748 427 1823 propositum
447 1745 546 1806 fuerat
566 1751 599 1806 ut
612 1727 842 1808 Atheniensibus
859 1747 1053 1825 principatum
1069 1747 1185 1822 adeptis
1200 1747 1338 1807 uniuersa

248 1851 374 1912 Graecia
394 1851 433 1912 ad
453 1870 543 1912 uuum
564 1854 648 1929 quasi
660 1871 766 1930 corpus
779 1855 958 1913 coalesceret
968 1852 1096 1913 ciuitatis
1114 1870 1191 1928 quac
1205 1853 1338 1914 omnibus

248 1958 340 2034 copiis
361 1958 463 2018 ualens
483 1975 537 2034 par
561 1964 640 2020 esset
667 1959 800 2019 hostibus
826 1959 957 2018 externis
979 1989 1017 2000 -
1039 1962 1072 2018 ut
1092 1954 1204 2022 bell0³⁶
1223 1963 1338 2018 tautum

248 2065 308 2124 suis
338 2063 514 2124 utilitatibus
545 2065 766 2140 rationibusque
788 2065 897 2142 optime
919 2066 1071 2126 consulere
1096 2063 1265 2124 studerent:
1286 2083 1337 2124 uu-

247 2187 345 2230 merus
367 2185 467 2228 eorum
489 2169 540 2244 qui
561 2169 599 2228 ad
620 2187 723 2246 pacem
744 2170 924 2230 inclinabant
944 2171 1039 2246 magis
1060 2174 1163 2230 auctus
1185 2177 1238 2231 est.
1260 2171 1337 2229 Nam

248 2281 279 2336 et
300 2276 326 2335 ei
349 2275 398 2351 qui
420 2275 507 2334 saluti
528 2275 706 2351 reipublicae
727 2276 793 2352 plus
814 2275 984 2336 tribuebant
1001 2293 1088 2350 quam
1101 2275 1162 2337 suis
1179 2276 1338 2336 commodis

248 2387 338 2458 atque
359 2381 520 2441 rationibus
542 2386 573 2441 ct
594 2382 621 2441 ei
642 2398 766 2457 quorum
788 2381 948 2440 commodis
961 2381 1055 2458 ipsum
1076 2383 1185 2442 bellum
1197 2384 1337 2442 nocuerat

248 2493 316 2548 tunc
337 2487 483 2547 coniuncti
503 2488 581 2548 bello
613 2486 820 2547 obnitebantur
849 2485 929 2561 qnod
956 2487 1081 2561 publicis
1102 2492 1192 2562 atque
1213 2485 1338 2562 priuatis

247 2593 421 2654 utilitatibus
443 2594 570 2652 obesset.
1193 2655 1202 2668 ·

346 2697 432 2769 Quod
464 2702 563 2757 autem
593 2699 690 2774 palam
719 2698 852 2773 proferre
890 2697 999 2757 Oleone
1032 2697 1183 2758 acerbiore
1216 2696 1337 2774 imperio

246 2800 379 2865 utente⁸⁷
410 2804 460 2864 uix
482 2805 636 2880 quisquam
667 2802 819 2862 etiamtum
840 2819 929 2864 ausus
956 2807 1020 2864 erat
1042 2801 1256 2879 Aristophanes
1286 2803 1337 2878 qui

248 2928 364 2987 semper
384 2909 414 2970 id
436 2910 498 2986 egit
518 2913 551 2968 ut
572 2906 651 2985 quod
672 2907 709 2966 de
741 2908 881 2968 uniuersa
910 2909 1062 2985 republica
1087 2907 1210 2967 sentiret
1231 2907 1337 2967 fabulis

248 3016 309 3076 suis
330 3015 509 3092 exprimeret
540 3031 636 3074 coram
665 3014 728 3090 ipso
759 3014 867 3090 populo
891 3014 983 3073 libere
1013 3031 1049 3074 ac
1081 3014 1144 3073 eine
1170 3018 1251 3072 metu
1272 3031 1337 3089 pro·

248 3121 343 3183 fessus
378 3127 432 3182 est.
474 3120 649 3196 Quanquam
681 3123 855 3180 erraueruut
884 3120 934 3194 qui
966 3119 1100 3180 arbitrati
1128 3124 1195 3179 sunt
1227 3119 1338 3180 Aristo-

247 3229 374 3304 phanem
388 3229 424 3287 ab
440 3228 553 3287 illorum
576 3227 625 3302 qui
646 3226 727 3302 pacis
748 3225 845 3302 cupidi
867 3225 990 3284 fuissent
1011 3223 1138 3284 factione
1160 3227 1258 3286 nescio
1280 3244 1337 3300 quo

248 3333 333 3392 modo
371 3337 546 3393 commotum
577 3332 626 3391 uel
658 3335 826 3406 corruptum
860 3330 943 3405 quasi
977 3347 1132 3406 personam
1163 3329 1337 3390 sustinuisse

248 3456 350 3498 corum
372 3455 511 3514 cumpro
532 3454 606 3514 pace
627 3438 807 3511 loqueretur.
839 3436 931 3494 Immo
953 3434 1167 3510 Aristophanes
1187 3433 1238 3510 qui
1259 3435 1337 3511 quod

246 3537 340 3604 'sensit
378 3543 414 3601 de
451 3543 602 3620 republica
638 3559 692 3618 per
727 3559 811 3600 suum
849 3541 940 3618 ipsius
970 3541 1109 3602 iudicium
1146 3541 1253 3600 nullius
1288 3539 1337 3599 uel

248 3648 419 3708 adiumento
456 3649 504 3708 uel
543 3647 718 3708 auctoritate
760 3650 932 3706 consecutus
967 3651 1032 3706 erat
1066 3647 1132 3722 paci
1170 3651 1230 3705 tam
1263 3647 1338 3705 adsi-

250 3758 308 3815 due
341 3771 461 3830 operam
482 3753 563 3814 dedit
592 3753 669 3830 quod
699 3769 792 3827 quam·
808 3752 904 3812 animo
939 3751 1157 3812 informarisset
1184 3753 1338 3828 rempubli-

348 4012 372 4050 ³⁵
389 4007 411 4062 1.
429 4006 494 4078 hyp.
506 3996 567 4074 Εὶρ.
581 4021 608 4072 p.
626 4005 685 4060 282.
705 4007 748 4060 27.
766 4003 801 4060 cf.
820 4005 871 4062 Th.
885 4003 987 4074 Bergk.
1005 4005 1041 4062 de
1050 4021 1072 4059 r.
1087 4021 1109 4058 c.
1120 4021 1144 4059 a.
1158 4021 1182 4061 a.
1195 4021 1222 4074 p.
1236 4007 1286 4061 323
1296 4022 1337 4074 sq.

347 4103 371 4140 ³⁶
388 4099 440 4168 uq.
458 4097 603 4153 aaa-872.
622 4097 686 4152 Pac.
705 4097 763 4151 619.
784 4098 834 4166 Eq.
854 4097 905 4152 790
923 4113 964 4166 sq.

348 4188 372 4225 ³⁷
391 4181 460 4242 scu.
479 4183 504 4236 6.
523 4183 575 4237 300
591 4197 633 4250 sq.
651 4183 701 4237 379
720 4197 762 4252 sq.
781 4183 832 4236 ota
852 4197 894 4251 eq.
912 4184 972 4237 503.
990 4181 1025 4238 ci.
1043 4181 1094 4235 Th.
1114 4182 1148 4237 V.
1168 4185 1208 4235 16.
