3120 4816
617 396 822 458 ..19-

180 569 212 627 et
233 581 306 640 quas
326 564 447 624 tandem
468 565 504 624 ob
526 582 629 624 causas
650 581 752 640 pacem
779 562 975 624 commendet:
1006 562 1060 622 sed
1081 562 1219 639 quoniam
1240 563 1271 620 iu

179 671 296 730 theatro
325 687 385 729 non
416 669 519 731 eadem
540 667 632 730 uerba
652 671 788 732 facienda
808 669 867 731 sint
887 672 976 743 atque
998 668 1027 728 in
1049 668 1184 728 contione
1205 685 1270 737 sese

180 777 414 838 Acharnensium
442 776 531 836 choro
556 775 641 836 fictas
666 777 780 852 aliquas
808 775 1042 838 narratiunculas
1069 774 1271 850 impositurum

181 901 246 944 esse
259 877 292 940 ²⁸.
314 882 429 942 Deinde
450 886 547 943 autern
570 883 623 943 sibi
645 899 762 958 quoque
782 881 917 940 adfinnat
932 879 1183 940 Lacedaemonios
1204 881 1270 943 odlo

181 1007 248 1050 esse
263 989 314 1064 qui
325 989 414 1048 etiam
424 988 515 1065 ipsius
526 989 602 1049 uites
623 987 832 1048 exciderint-
848 990 1018 1047 exsecratus
1032 989 1065 1044 ut
1078 990 1175 1046 terrae
1190 993 1271 1046 motu

182 1097 286 1156 domus
308 1113 409 1154 eorum
430 1099 642 1155 euerterentur.

280 1202 344 1260 iarn
372 1218 445 1260 uero
472 1199 537 1260 illos
557 1199 808 1260 Lacedaemonios
834 1197 905 1258 belli
926 1202 1061 1258 auctores
1082 1215 1148 1258 esse
1169 1203 1269 1274 negat,

181 1308 264 1368 euius
285 1325 390 1368 causas
411 1309 448 1368 ab
469 1307 540 1384 ipsis
561 1308 659 1383 potius
672 1303 901 1366 Atheniensibus
914 1303 1093 1380 repetendas
1108 1319 1173 1365 esse
1188 1305 1271 1365 dicit:

180 1431 349 1490 quanquam
376 1403 536 1490 phdcnter
565 1413 722 1473 admodum
749 1411 831 1470 addit
851 1428 909 1470 non
935 1410 1028 1486 ipsam
1049 1410 1269 1487 rempublicam,

180 1520 233 1580 sed
255 1502 335 1579 ciues
366 1519 506 1595 quosdam
527 1519 713 1579 turbulentos
733 1519 842 1578 bellum
863 1516 1064 1576 commouisse.
1107 1515 1172 1576 Hos
1194 1517 1272 1576 enim

181 1626 405 1686 Atheniensium
425 1626 455 1684 in
476 1626 668 1701 Megarenses
699 1625 798 1684 odium
824 1623 958 1683 omnibus
990 1621 1120 1682 artificiis
1152 1623 1271 1682 auxisse

181 1736 214 1792 ut
225 1731 383 1792 maioribus
404 1748 520 1806 semper
541 1731 692 1791 calumniis
705 1736 925 1790 eos-uexarent.
948 1729 1022 1789 (inm
1036 1733 1135 1787 antem
1149 1728 1272 1788 iuuenes

182 1830 314 1889 nonnulli
336 1829 410 1889 ebrii
430 1834 518 1890 noctu
539 1829 665 1889 Athenis
684 1831 808 1904 Megara
833 1831 959 1907 profecti
981 1836 1181 1894 mulierculam
1203 1835 1271 1895 iude

180 1935 348 2012 rapuissent
361 1937 551 2012 Megarenses
571 1935 630 1994 iam
651 1934 739 1996 nimis
759 1923 886 1997 offensos
901 1937 980 2014 ipsos
996 1958 1113 2016 quoqne
1127 1941 1272 2016 Aspasiae

181 2041 304 2100 ancillas
330 2041 404 2101 duas
431 2041 574 2117 rapuisse.
617 2043 693 2102 Tum
721 2059 792 2103 uero
813 2043 957 2102 Periclem
978 2044 1144 2122 Olympium
1166 2048 1211 2105 ira
1230 2047 1272 2106 in·

181 2166 303 2230 censum
331 2146 481 2208 decretum
507 2147 613 2208 fecisse
634 2166 672 2207 ne
693 2149 885 2224 Megarenses
906 2150 936 2208 in
957 2151 1018 2232 ulia
1037 2156 1123 2226 parte
1143 2152 1273 2227 regionis

182 2253 298 2312 Atticae
319 2257 473 2312 manerent
501 2269 577 2312 neue
598 2252 816 2327 Megarensium
838 2273 950 2315 merces
971 2256 1106 2316 Athenas
1134 2257 1271 2332 importa-

182 2363 295 2418 rentur.
338 2356 423 2430 Quod
453 2375 519 2417 cunr
549 2356 712 2418 iacentibus
744 2361 924 2420 commerciis
952 2362 1146 2436 Megarenses
1172 2361 1272 2439 inopia

183 2469 213 2524 et
243 2464 320 2524 lame
348 2464 444 2540 pressi
469 2481 486 2520 a
508 2464 751 2528 Lacedaemoniis
779 2467 920 2526 auxilium
947 2465 1123 2542 petiuissent
1152 2467 1206 2527 hos
1235 2470 1272 2528 ab

183 2555 414 2630 Atheniensibus
441 2569 598 2644 impetrare
626 2589 685 2630 non
713 2571 843 2646 potuisse
871 2577 904 2631 ut
926 2571 1078 2632 decretum·
1104 2572 1175 2632 illud
1201 2575 1273 2632 anti-

183 2679 333 2750 quaretur.
356 2675 432 2734 Hine
453 2674 541 2748 igitur
562 2682 697 2736 exortum
716 2695 782 2736 esso
796 2678 994 2754 bellumquod
1009 2678 1106 2738 omnia
1123 2681 1274 2740 turbasset

182 2799 218 2842 ac
239 2780 508 2857 miscuisset*pro
530 2782 709 2858 supplicibus
731 2789 762 2842 et
783 2785 931 2861 oppressis
950 2785 1174 2859 Megarensibus
1194 2786 1274 2845 nulla

183 2888 268 2962 eulpa
293 2886 594 2948 Lacedaemoniorum
615 2888 666 2963 qui
686 2887 826 2948 iecissent
846 2889 926 2963 quod
948 2889 1052 2948 eadem
1079 2907 1177 2948 rerum
1205 2908 1272 2949 eon-

183 2992 297 3051 dieione
319 2991 398 3050 haud
419 3010 504 3051 secus
525 2992 630 3052 facturi
651 2992 777 3053 fuissent
797 2992 853 3069 ipsi
873 2994 1080 3054 Athenienses.

203 3176 208 3182 α
282 3094 349 3168 Qua
371 3097 504 3158 oratione
525 3097 626 3158 audita
647 3101 743 3158 altera
764 3116 866 3158 senum
887 3117 957 3176 pars
978 3099 1212 3160 Acharnenaium
1233 3101 1272 3160 ad

183 3203 402 3280 Dicaeopolidis
423 3202 598 3262 sententiam
624 3204 762 3264 traducta
787 3209 843 3266 est.
885 3203 944 3264 Sed
965 3222 1066 3265 eorum
1087 3205 1183 3264 altera
1202 3223 1272 3282 pars

183 3311 213 3368 in
235 3309 304 3370 belli
325 3307 422 3370 studio
440 3307 572 3383 persistit
586 3309 723 3383 quoniam
738 3309 794 3386 ipsi
812 3311 982 3370 innoeentes
996 3328 1014 3368 a
1029 3309 1272 3370 Lacedaemoniis

184 3415 257 3474 nihil
278 3414 334 3473 nisi
354 3413 475 3472 iniurias
497 3415 671 3488 acceperint.
705 3413 790 3485 Quod
810 3433 877 3474 cum
899 3415 1060 3474 rationibus
1081 3416 1271 3492 comprobare

183 3524 332 3595 nequeant
360 3519 468 3594 pugnis
495 3519 600 3594 quibus
623 3521 729 3595 uulgus
750 3520 813 3580 lere
835 3521 942 3579 iustam
963 3537 1046 3579 suam
1067 3537 1185 3580 causam
1206 3539 1271 3582 esse

182 3624 362 3685 contendere
392 3623 492 3684 studet
510 3623 712 3700 Dicaeopolidi
737 3624 918 3684 minitantur.
962 3623 1015 3682 llio
1037 3629 1136 3684 autem
1166 3643 1271 3702 apru-

184 3731 366 3790 dentioribus
395 3727 634 3788 Acharnensibus
667 3728 788 3790 defenso
819 3729 952 3790 homines
980 3729 1028 3788 isti
1060 3730 1191 3790 bellicosi
1216 3733 1271 3791 La·

183 3835 317 3894 maehum
344 3834 447 3894 ducem
472 3835 522 3893 illa
549 3839 647 3894 aetate
676 3835 781 3895 bellica
802 3836 911 3895 uirtute
932 3835 1076 3911 insignem
1097 3853 1186 3911 quem
1206 3836 1270 3896 Ari·

183 3941 343 4018 stophanes
371 3958 436 4000 eum
464 3940 568 3999 eadem
590 3941 824 4001 Acharnensium
854 3942 933 4002 tribu
964 3946 1066 4001 natum
1093 3943 1155 4001 tum
1177 3919 1270 4017 ipsum

282 4169 305 4204 ²⁸
323 4181 349 4218 u.
367 4165 419 4220 442
436 4179 477 4232 sq.

220 4232 261 4301 Ι
