3120 4816
706 415 951 477 'ele-

307 585 405 644 multis
440 583 577 660 omnique
613 581 831 658 tragoediarum
866 588 1010 658 apparatu
1045 582 1241 644 circumdatus
1273 589 1303 645 ct
1332 585 1396 659 ipse

305 690 411 765 pannis
439 689 558 748 indutus
579 689 609 748 in
631 689 704 748 sella
724 687 866 747 altissima
887 686 980 746 sedet.
1018 687 1117 763 Atque
1138 689 1325 766 Dicaeopolis
1346 689 1397 764 qui

306 812 383 855 nuno
404 793 583 855 intellexisse
605 792 661 854 sibi
682 792 800 853 uidetur
820 811 872 852 cur
884 810 960 868 quos
973 793 1129 870 Euripides
1150 795 1234 870 quasi
1256 794 1396 856 deiecerit

305 898 336 956 in
357 915 494 960 scaenam
515 899 621 960 heroas
642 899 670 959 ei
691 898 787 958 claudi
816 898 878 959 fere
910 915 1012 958 omnes
1041 898 1099 958 sint
1127 903 1157 958 et
1177 900 1314 961 membris
1335 899 1396 958 ani-

305 1005 419 1082 misque
450 1005 550 1066 tractis
581 1011 703 1082 rogatus
734 1004 804 1081 quid
835 1005 890 1065 sibi
919 1004 991 1064 uelit
1012 1006 1057 1065 ab.
1076 1005 1217 1081 Euripide
1239 1023 1293 1066 nec
1317 1005 1396 1065 diota
1441 1009 1454 1031 ·

304 1129 401 1188 neque
423 1111 532 1189 scripta
553 1111 606 1172 sed
626 1112 771 1171 laceratas
792 1116 891 1170 uestes
916 1112 991 1188 petit
1020 1111 1117 1170 herois
1145 1111 1295 1172 cuiusdam
1316 1130 1396 1171 men·

305 1217 362 1276 dici
392 1236 481 1294 quem
512 1217 613 1278 multis
645 1222 714 1277 ante
742 1217 826 1277 annis
851 1221 956 1292 partes
974 1222 1112 1293 agentem
1133 1217 1250 1278 fabulae
1272 1218 1395 1278 alicuius

303 1322 481 1398 Euripideae
511 1327 675 1399 spectatum
698 1341 769 1382 ase
792 1328 822 1382 et
849 1323 986 1384 claudum
1013 1323 1103 1384 fuisse
1134 1324 1266 1399 mireque
1296 1323 1394 1383 facun-

304 1427 373 1489 dum
393 1430 469 1489 bene
492 1429 697 1489 commeminit.
741 1430 836 1490 Huius
867 1431 944 1490 enim
970 1430 1068 1490 herois
1096 1448 1210 1505 pennos
1237 1432 1394 1491 uerborum

303 1534 363 1594 nim
389 1534 475 1609 quasi
502 1535 578 1593 ultro
604 1539 771 1596 secuturam
801 1552 866 1595 esso
897 1536 1006 1596 rustico
1034 1553 1207 1611 persuasum
1237 1539 1292 1598 est.
1335 1535 1395 1596 Sed

303 1659 369 1700 cunr
389 1639 507 1700 fabulae
528 1657 617 1715 quam
637 1641 667 1698 in
688 1640 784 1700 animo
806 1639 915 1700 habeat
939 1659 1046 1700 nomen
1067 1659 1126 1701 non
1146 1641 1317 1702 recordetur·
1336 1643 1395 1700 Eu·

301 1745 412 1823 ripides
432 1751 572 1821 quattuor
592 1746 731 1823 deinceps
757 1746 927 1822 tragoedias
950 1746 977 1805 ei
998 1747 1136 1824 proponit
1157 1747 1186 1806 in
1208 1747 1314 1822 quibus
1335 1765 1394 1806 om·

301 1853 387 1912 nibus
416 1852 522 1912 heroes
550 1853 580 1912 in
600 1869 737 1912 scaenam
765 1853 911 1929 prodeunt
942 1852 1106 1912 miserrimi.
1150 1851 1280 1925 Quarum
1312 1853 1392 1912 nulla

302 1959 491 2034 comprobata
510 1958 655 2034 prolatam
677 1957 804 2034 denique
824 1957 955 2018 fabulam
977 1958 1102 2033 Telephi
1117 1959 1304 2034 Dicaeopolis
1326 1977 1391 2018 eam

301 2082 366 2126 esse
388 2065 523 2142 agnoscit
547 2082 635 2141 quam
656 2064 812 2124 desideret.
855 2064 915 2126 Sed
935 2065 1120 2141 Dicaeopolis
1140 2066 1245 2140 pannis
1267 2065 1392 2141 Telephi

300 2171 404 2248 cupide
432 2176 462 2230 et
486 2171 613 2230 libenter
640 2170 768 2247 acceptis
797 2188 914 2246 semper
943 2150 1117 2246 semperque
1145 2171 1223 2230 aliud
1254 2169 1325 2247 quid
1354 2189 1391 2230 ex

299 2275 500 2338 instrumentis
521 2275 674 2334 miserrimi
696 2276 823 2336 mendici
843 2277 938 2354 poscIt
951 2277 993 2335 ita
1008 2281 1040 2334 ut
1054 2277 1209 2353 Euripides
1230 2277 1333 2336 timeat
1353 2295 1390 2338 ne

298 2385 391 2441 totam
412 2373 467 2444 sibi
487 2382 535 2440 ille
557 2381 742 2456 tragoediam
763 2381 886 2442 auferat.
914 2381 1014 2456 Atque
1035 2385 1183 2457 postremo
1205 2381 1392 2460 Dicaeopolis

298 2487 357 2546 iam
383 2488 517 2548 abiturus
545 2487 630 2564 quasi
653 2487 683 2546 in
705 2492 832 2548 mentem
854 2487 908 2547 sibi
930 2488 1046 2548 uonerit
1067 2506 1099 2547 se
1121 2505 1210 2547 unum
1231 2489 1321 2563 idque
1341 2491 1391 2550 uel

298 2593 504 2667 grauissimum
536 2593 658 2654 oblitum
687 2610 751 2652 esse
779 2591 950 2668 Euripidem
971 2594 1105 2654 obsecrat
1127 2597 1159 2652 ut
1180 2594 1228 2652 uel
1247 2595 1391 2669 pauxillu-

297 2699 357 2756 lum
383 2698 453 2774 quid
482 2697 631 2760 caerefolii
661 2699 717 2758 sibi
746 2698 797 2757 det
825 2697 860 2758 de
882 2699 984 2758 matris
1006 2697 1143 2758 oleribus.
1186 2698 1226 2757 At
1246 2699 1304 2760 ista
1324 2701 1391 2760 inri-

297 2803 378 2863 sione
397 2804 554 2881 Euripides
574 2805 766 2865 uehementer
780 2805 908 2864 offensus
929 2805 1008 2865 fores
1030 2805 1126 2864 claudi
1146 2805 1236 2866 iubet.
1269 2806 1391 2866 Dicaeo-

297 2909 372 2986 polis
400 2915 500 2970 autem
526 2911 576 2986 qui
608 2911 655 2970 uel
684 2912 747 2970 sine
776 2909 934 2970 caerefolio
962 2911 1017 2970 sibi
1045 2913 1137 2970 uerba
1162 2910 1298 2970 facienda
1324 2929 1389 2971 csse

298 3017 450 3076 constitnit
478 3033 555 3092 pone
582 3021 718 3077 truncum
746 3017 906 3078 lanionium
926 3013 1022 3092 'quem
1043 3035 1059 3078 e
1081 3017 1167 3077 domo
1188 3017 1285 3076 efferri
1308 3017 1391 3075 iussit

297 3123 429 3182 consistit
450 3127 482 3182 ut
504 3141 622 3182 causam
644 3123 721 3184 dicat
742 3123 820 3199 apud
841 3122 952 3182 iudices
973 3122 1186 3208 Acharnensos.

397 3228 496 3304 Atque
526 3246 615 3303 quam
648 3247 725 3288 nunc
758 3229 827 3287 dicit
861 3229 1023 3288 orationem
1051 3227 1237 3304 Dicaeopolis
1264 3228 1390 3304 Telephi

298 3335 404 3411 quibus
431 3334 553 3394 indutus
585 3338 630 3394 est
659 3334 764 3410 pannis
796 3334 880 3409 quasi
910 3334 1087 3410 Euripideae
1116 3335 1222 3394 mentis
1252 3335 1390 3395 instinctu

300 3431 466 3500 concitatus*
490 3440 669 3516 lepidissime
702 3440 776 3500 haec
804 3445 947 3499 exornata
969 3446 1013 3499 est
1035 3445 1119 3500 acute
1142 3441 1285 3502 dictorum
1306 3459 1392 3517 argu·

300 3545 349 3605 tiis
372 3551 401 3606 et
422 3547 576 3606 sententiis
598 3545 761 3606 subtilibus.

397 3652 440 3711 Ac
468 3653 594 3728 primum
626 3651 744 3727 quidem
764 3635 954 3728 Dicaeopolis
982 3653 1067 3728 quasi
1096 3672 1149 3730 pro
1181 3653 1244 3728 ipso
1272 3651 1389 3712 fabulae

297 3761 389 3834 polita
420 3758 559 3833 loquatur
588 3758 803 3834 spectatoribus
832 3763 1004 3818 exossatum
1033 3777 1065 3817 se
1087 3758 1149 3818 uult
1179 3757 1202 3816 si
1224 3755 1389 3815 sententiae

298 3864 367 3923 illae
397 3879 471 3939 quas
506 3881 574 3922 mor
606 3862 736 3922 dicturus
766 3864 803 3923 sit
835 3861 948 3923 mirifici
979 3862 1050 3938 quid
1081 3863 1190 3922 habere
1223 3861 1390 3922 uideantur.

299 3969 379 4030 Dicit
412 3969 489 4029 eninr
521 3973 703 4046 spectatores
733 3987 801 4028 mox
833 3969 1032 4030 intellecturos
1063 3985 1139 4044 quae
1165 3967 1201 4027 de
1229 3968 1298 4028 belli
1324 3973 1391 4027 ortu

298 4075 406 4136 dixerit
426 4074 497 4135 nihil
519 4091 585 4135 esse
606 4073 664 4132 nisi
686 4073 798 4134 ludicra
819 4078 908 4150 atque
930 4075 1028 4135 iocosa
1050 4091 1159 4148 eosque
1180 4075 1271 4152 probe
1292 4075 1390 4151 cogni-

297 4188 379 4244 turos
402 4199 467 4241 esse
490 4180 560 4256 quid
588 4181 651 4256 ipss
673 4180 791 4256 quidem
812 4199 843 4240 re
869 4197 942 4240 uera
963 4179 1071 4240 sentiat
1093 4180 1129 4240 de
1151 4180 1391 4241 Lacedaemoniis
