3120 4816
660 411 861 475 ...37-

234 581 345 642 tionem
365 581 519 659 probaturi
539 581 607 641 sint.
649 581 748 657 Atque
768 581 812 640 ita
839 579 947 641 circum
977 580 1055 640 bello
1086 578 1239 640 saeuiente
1261 577 1324 655 ipse

236 689 316 747 solus
336 704 411 764 pace
441 703 508 747 cum
539 687 782 747 Lacedaemoniis
813 686 974 763 composita
998 685 1155 762 tranquille
1182 703 1217 744 ac
1243 683 1323 744 laute

236 793 310 854 uiuit
330 794 569 871 praeclarissimis
589 793 732 854 fructibus
753 812 791 854 ex
810 811 885 870 pace
902 791 1155 854 efflorescentibus
1176 797 1207 852 et
1220 790 1325 851 redun-

237 899 382 960 dantibus.
404 898 638 978 Quo-postremo
660 898 786 959 efficitur
807 904 839 959 ut
860 917 962 960 omnes
980 901 1017 960 ab
1040 917 1075 959 eo
1089 887 1195 975 petant
1208 901 1241 957 ut
1261 896 1324 956 ieli-

237 1005 355 1065 citatem
376 1023 460 1065 suam
481 1023 547 1065 cum
567 1005 639 1080 ipsis
660 1005 854 1065 communicet
884 983 915 1064 et
935 1009 968 1064 ut
988 1004 1084 1090 uictor
1109 1004 1236 1080 deniqne
1263 1021 1324 1062 cer·

204 1111 210 1126 '
235 1112 354 1172 laminis
374 1129 440 1171 cum
460 1111 529 1171 belli
550 1110 688 1170 studiosis
709 1111 836 1173 instituti
853 1111 1033 1186 triumphurn
1054 1109 1199 1187 deportet.

336 1216 467 1290 Quorum
492 1216 697 1277 bellicosorum
725 1216 875 1276 hominum
902 1217 1036 1292 quamuis
1067 1234 1176 1292 magna
1200 1213 1325 1276 Athenis

237 1323 392 1385 multitudo
414 1323 503 1382 tuerit
523 1327 623 1383 tamen
649 1339 726 1382 unus
746 1321 913 1381 Lamachus
940 1322 969 1380 in
998 1339 1136 1380 scaenam
1155 1321 1325 1398 producitur
1395 1363 1401 1376 .

237 1430 287 1505 qui
308 1431 422 1488 illorum
443 1445 598 1505 personam
619 1431 714 1503 gerat.
736 1425 831 1498 Quem
846 1445 877 1486 re
892 1443 966 1487 uera
980 1427 1074 1502 magis
1088 1426 1197 1486 uirtute
1220 1427 1325 1486 bellica

237 1553 326 1611 quam
346 1533 426 1594 ciuili
446 1533 604 1610 prudentia
624 1536 788 1608 spectatum
797 1532 946 1593 hominem
956 1531 1170 1605 Aristophanes
1184 1532 1324 1608 quamdiu

238 1641 315 1700 inter
336 1640 422 1700 uiuos
448 1639 497 1700 ille
523 1637 642 1714 quidem
676 1643 740 1698 erat
768 1637 947 1714 iocosissime
962 1619 1132 1715 'semper52
1152 1637 1324 1714 perstrinxit

236 1747 301 1822 ipso
322 1745 440 1806 nomine
461 1763 541 1804 more
563 1743 673 1804 comico
694 1761 749 1819 per
768 1742 922 1804 ridiculum
937 1743 1052 1804 detorto
1066 1744 1201 1820 quamuis
1217 1739 1323 1804 iuste⁵³
1344 1727 1346 1730 ⁸

238 1852 275 1912 de
296 1856 411 1913 mortuo
433 1869 468 1913 eo
489 1850 642 1910 iudicaret.

336 1958 435 2033 Atque
456 1957 487 2016 in
507 1954 747 2017 Acharnensibus
773 1955 1003 2032 Aristophanem
1031 1956 1166 2016 existimo
1197 1956 1325 2016 uoluisse

238 2065 418 2124 Lamachum
441 2081 509 2124 eum
538 2081 604 2124 esse
634 2062 685 2138 qui
709 2079 818 2122 nouam
845 2062 953 2123 aetatis
984 2079 1055 2122 suae
1077 2063 1222 2123 rationem
1242 2063 1326 2138 quasi

238 2172 301 2232 uita
321 2171 385 2247 ipsa
407 2169 592 2246 exprimeret.
615 2170 662 2228 Ita
681 2169 806 2245 patriam
821 2169 869 2228 ille
888 2169 1020 2245 neglegit
1034 2173 1155 2244 propter
1166 2168 1324 2229 utilitatem

239 2295 274 2336 ac
305 2277 417 2336 lucrum
444 2279 475 2335 et
504 2274 639 2350 quamuis
672 2273 788 2334 lactarit
819 2273 905 2334 modo
941 2253 1084 2350 perpetuo
1116 2292 1148 2335 se
1180 2273 1324 2334 aduersus

235 2382 336 2442 hostes
365 2382 474 2442 bellum
499 2385 652 2458 gesturum
682 2397 746 2441 esse
775 2381 871 2440 iussus
899 2385 1001 2441 contra
1022 2379 1151 2440 Boeotos
1179 2379 1325 2456 proficisci

236 2489 328 2549 inuito
349 2491 463 2548 tantum
485 2492 515 2549 et
535 2487 635 2563 iniquo
656 2487 753 2546 animo
774 2488 967 2563 obtemperat.
1002 2485 1101 2560 Quare
1126 2504 1192 2546 cum
1222 2486 1324 2545 uulne·
1354 2503 1358 2510 ·

236 2599 318 2654 ratus
337 2593 368 2652 in
389 2610 525 2654 scaenam
545 2591 694 2670 profertur
723 2596 752 2652 et
773 2592 880 2652 misere
909 2592 1087 2652 lamentatur
1116 2592 1226 2652 nemini
1256 2610 1325 2668 pro-

235 2702 337 2760 batur:
358 2698 467 2776 quippe
489 2699 540 2775 qui
561 2715 615 2758 sua
635 2698 727 2774 ipsius
747 2699 834 2775 culpa
854 2715 889 2756 ac
911 2698 1034 2758 stultitia
1055 2697 1086 2758 in
1100 2698 1221 2758 exitium
1238 2715 1325 2774 prae-

236 2805 373 2882 cipitatus
394 2806 441 2867 sit.

334 2913 388 2972 His
410 2929 482 2972 uero
503 2911 617 2973 duobus
637 2911 754 2974 tabulae
775 2913 908 2990 personis
929 2911 1035 2972 chorus
1061 2911 1189 2988 denique
1215 2910 1323 2970 Achar-

235 3019 369 3078 nensium
400 3036 418 3077 a
448 3035 507 3095 quo
537 3036 645 3079 nomen
678 3018 803 3078 inditum
838 3023 883 3078 est
913 3016 1081 3078 comoediae
1111 3045 1151 3058 -
1180 3021 1320 3092 tanquam

235 3123 323 3184 tertia
343 3141 471 3201 persona
491 3123 695 3202 interponitur.

334 3233 372 3290 Et
392 3229 524 3307 profecto
546 3249 611 3290 cnm
632 3229 712 3306 quod
732 3231 825 3291 uoluit
846 3231 871 3290 is
892 3229 943 3306 qui
971 3229 1080 3306 primas
1108 3227 1171 3305 agit
1195 3229 1321 3287 celerius

235 3341 409 3397 consecutus
430 3337 468 3397 sit
489 3354 581 3414 grege
603 3335 720 3398 demum
740 3336 973 3397 Acharnensium
987 3334 1225 3396 carbonariorum
1239 3333 1324 3409 quasi

236 3443 265 3501 iu
286 3443 380 3503 aciem
401 3460 467 3518 oum
486 3442 568 3519 pacis
589 3443 638 3502 illo
659 3441 752 3502 amico
774 3441 1013 3503 descendentium
1039 3441 1124 3516 uigor
1149 3439 1268 3515 quidam
1289 3458 1325 3502 ac

236 3553 333 3608 motus
353 3547 471 3609 fabulae
493 3549 600 3608 actioni
622 3549 745 3608 accedit.

335 3654 447 3715 Eodem
473 3659 573 3715 autem
607 3653 693 3715 modo
725 3672 784 3730 quo
815 3654 1028 3730 Aristophanes
1062 3671 1181 3713 suorum
1216 3653 1322 3712 ciuium

235 3761 365 3822 fabulam
385 3761 580 3838 spectantium
600 3761 713 3820 animos
733 3760 919 3820 immutatum
940 3760 976 3818 iri
997 3759 1128 3837 sperauit
1149 3787 1189 3798 -
1209 3758 1321 3819 Achar-

236 3885 343 3930 nenses
373 3886 447 3944 quos
470 3867 564 3946 primo
595 3872 685 3944 poeta
710 3872 875 3944 temporum
903 3866 1087 3944 opinionibus
1114 3865 1323 3943 praeiudicatis

334 4113 359 4151 ⁵²
378 4109 412 4165 ct.
430 4109 458 4164 in
475 4107 544 4165 th.
561 4109 625 4164 Pac.
644 4107 756 4164 Holcad.
775 4106 807 4160 fr.

335 4198 359 4236 ³³
377 4195 488 4250 Thesm.
506 4195 564 4250 841.
583 4195 650 4249 Rau.
668 4195 744 4250 1030.
762 4193 796 4250 ct.
815 4194 945 4250 Fritusch.
963 4194 1001 4248 ad
1016 4195 1082 4249 Ran.
1100 4209 1127 4261 p.
1145 4189 1206 4246 337.
