3120 4816
728 396 911 483 ..‘2...

275 587 354 662 quod
375 607 440 649 sero
461 588 577 648 iuuenis
597 593 686 664 poeta
710 607 762 649 suo
784 590 901 650 nomine
917 590 1037 652 chorum
1052 593 1238 668 postulasset.
1275 595 1366 654 Immo

275 695 411 770 equidem
437 699 508 770 puto
535 695 650 755 etiamsi
689 696 769 754 nulia
796 695 847 755 lex
879 697 1042 757 obstitisset
1072 699 1222 774 incognito
1252 701 1366 760 cuidam

271 805 380 877 poetae
401 801 501 860 iuueni
523 800 681 860 maioribus
703 805 775 860 natu
796 801 868 860 uiris
889 802 967 860 notis
996 802 1113 878 iamque
1140 807 1272 880 probatis
1301 824 1365 865 con-

275 906 455 966 certantibus
484 923 537 965 suo
566 907 685 966 nomine
717 906 837 966 chorum
868 907 1027 984 impetrare
1059 927 1131 970 saue
1166 911 1367 971 difficillimum

274 1012 403 1072 futurum
425 1010 516 1072 fuisse
536 1011 712 1090 praesertim
734 1030 798 1072 cum
827 1015 878 1088 qui
908 1014 1028 1074 chorum
1053 1017 1090 1075 ab
1112 1017 1252 1076 archonte
1274 1017 1364 1092 impe·

273 1119 432 1178 creuissent
453 1123 560 1194 poetae
581 1120 640 1177 iam
661 1123 731 1180 ante
753 1123 848 1178 actam
870 1119 999 1180 fabulam
1021 1121 1104 1196 quasi
1125 1122 1242 1197 publico
1257 1121 1365 1180 iudicio

274 1223 454 1300 comprobati
480 1224 661 1284 uiderentur.
703 1223 803 1297 Quid?
835 1226 915 1301 quod
942 1244 980 1286 ne
1010 1228 1216 1304 spectatissimi
1247 1230 1365 1306 quidem

273 1337 390 1409 poetae,
421 1335 454 1390 ut
482 1330 642 1406 Sophocles
676 1335 706 1390 et
736 1329 886 1408 Cratinus,
913 1337 1029 1407 turpem
1061 1334 1209 1410 repulsam
1249 1352 1366 1409 semper

274 1440 433 1500 euitarunt.

377 1547 439 1603 Iam
460 1561 532 1604 uero
555 1545 651 1619 ipsum
672 1561 777 1603 munus
799 1543 878 1619 quod
897 1549 960 1604 tum
974 1544 1093 1620 quidem
1115 1546 1280 1622 impositum
1302 1553 1365 1607 erat

273 1658 380 1730 poetae
407 1656 440 1710 ut
468 1669 527 1710 non
548 1651 634 1710 modo
665 1651 784 1710 chorum
812 1658 931 1726 regeret
957 1651 1145 1728 fabulamque
1173 1653 1292 1713 doceret
1313 1654 1366 1712 sed

274 1759 363 1818 etiam
383 1756 493 1834 primas
514 1755 576 1816 fere
598 1761 699 1831 partes
710 1754 837 1831 ageret⁸
851 1788 885 1798 ·-
897 1756 1110 1834 Aristophanes
1138 1763 1171 1816 ut
1191 1759 1240 1816 uel
1261 1764 1365 1834 postea

273 1857 443 1925 rarissime⁹
464 1861 593 1938 suscepit
614 1863 656 1920 ita
676 1861 794 1920 iuuenis
813 1862 989 1939 praesertim
1011 1880 1072 1921 non
1092 1863 1189 1938 potuit
1210 1881 1269 1922 non
1291 1863 1364 1923 diffi-

273 1969 357 2030 cilius
378 1969 547 2030 existimare
568 1987 656 2046 quarn
678 1968 756 2044 quod
777 1970 838 2028 suis
859 1969 971 2030 uiribus
993 1975 1215 2045 exsequeretur.
1257 1973 1364 2046 Neque

273 2077 418 2136 immerito
438 2081 587 2152 postremo
608 2074 824 2150 Aristophanes
849 2076 1030 2136 dubitauisse
1059 2076 1130 2135 mihi
1155 2076 1272 2137 uidetur
1294 2096 1364 2136 num

273 2185 355 2260 ipsae
376 2184 443 2242 illae
465 2181 593 2258 fabulae,
616 2182 646 2240 in
667 2181 773 2258 quibus
794 2183 879 2257 quasi
901 2182 989 2241 iudex
999 2179 1024 2220 ¹⁰
1045 2186 1162 2242 extaret
1183 2183 1362 2258 reipublicae

272 2289 472 2366 Atheniensis,
496 2290 520 2348 si
541 2290 668 2350 auctoris
688 2289 803 2349 iuuenis
819 2289 936 2348 nomine
953 2307 1049 2364 paene
1067 2289 1216 2364 incognito
1238 2288 1269 2349 in
1284 2305 1363 2348 scae·

273 2414 341 2454 nam
363 2397 535 2455 commissae
556 2401 655 2455 essent
676 2375 783 2472 populo
796 2398 939 2471 probatae
954 2395 1051 2454 forent
1073 2395 1156 2454 cuius
1167 2395 1364 2455 inconstantia

275 2507 304 2561 et
325 2501 447 2562 leuitate
468 2502 517 2562 uel
538 2503 663 2578 optimos
685 2505 754 2560 autc
780 2519 813 2561 se
840 2506 944 2575 poetas
973 2501 1099 2560 comicos
1125 2501 1211 2559 nimis
1239 2504 1363 2560 uexatos

274 2607 405 2667 uidisset.

372 2715 426 2774 His
448 2715 581 2774 omnibus
603 2715 639 2773 de
657 2713 752 2772 causis
764 2711 989 2788 Aristophanes,
1014 2712 1125 2789 opinor,
1149 2712 1365 2788 conscriptasa

164 2818 168 2822 ’
274 2839 305 2879 se
327 2825 389 2881 tres
411 2821 476 2879 illas
498 2819 664 2880 comoedias
690 2849 729 2860 -
751 2820 949 2880 Daetalenscs
964 2817 1144 2906 Babylonios
1159 2817 1366 2898 Acharnenses

274 2958 312 2967 —-
334 2927 420 2986 alteri
450 2926 572 2986 tradidit
602 2925 653 3000 qui
683 2943 736 2988 suo
767 2925 883 2986 nomine
915 2932 1056 3004 tanquam
1093 2925 1156 3003 ipse
1191 2926 1258 2985 illas
1290 2943 1364 2984 eorn-

272 3033 420 3110 pcsuissct
442 3037 472 3091 et
494 3032 614 3092 chorum
635 3034 673 3092 ab
700 3032 841 3092 archonte
868 3039 1004 3108 posceret
1033 3037 1063 3092 et
1092 3031 1206 3092 fabulas
1236 3030 1363 3090 doceret.

273 3140 368 3213 Quem
387 3140 481 3216 primo
508 3138 626 3213 quidem
653 3135 781 3198 solum'1
812 3143 961 3200 auctorem
992 3138 1157 3200 fabularum
1188 3155 1254 3197 cum
1276 3138 1364 3212 uulgo

274 3247 471 3308 existimatum
499 3249 561 3304 tum
588 3245 704 3319 publice
731 3244 911 3305 declaratum
940 3244 1032 3305 fuisse
1060 3248 1289 3304 consentaneum
1319 3247 1363 3302 est

272 3351 447 3430 praesertim
469 3368 534 3410 cum
563 3348 670 3409 fabulis
691 3350 777 3410 modo
807 3350 880 3409 actis
902 3351 968 3426 quis
990 3369 1022 3410 re
1045 3368 1118 3410 uera
1141 3349 1257 3410 fabulas
1279 3349 1366 3426 scrip·

273 3460 359 3520 sisset
381 3456 483 3534 quaeri
505 3456 622 3516 omnino
644 3474 702 3515 non
723 3461 833 3532 posset.

370 3563 469 3638 Atque
492 3563 574 3622 illum
596 3562 681 3639 quasi
702 3566 809 3637 poetae
832 3563 983 3638 uicarium,
1013 3563 1095 3623 cuius
1124 3579 1230 3621 nomen
1252 3560 1362 3619 Aristo-

273 3669 388 3745 phanes
421 3669 485 3745 ipse
513 3685 658 3744 nusquam
688 3668 793 3743 adfert,
822 3667 852 3726 in
880 3668 974 3728 tribus
1005 3667 1062 3726 illis
1091 3665 1197 3726 fabrilis
1229 3664 1367 3723 docendis

371 3952 383 3987 ⁸
401 3948 485 4002 Arist.
504 3948 584 4002 Rhet.
602 3945 650 4000 111.
671 3948 694 3999 1.

373 4041 384 4076 ⁹
401 4035 429 4088 in
446 4035 497 4102 Eq.
514 4033 584 4088 Nub.
599 4034 666 4087 Pac.
686 4029 759 4085 Plut.
778 4029 887 4085 fabulis.

373 4122 395 4159 1⁰
413 4118 484 4173 Ach.
502 4119 561 4173 500.
579 4118 639 4172 655.

374 4209 395 4244 ¹¹
416 4203 562 4260 Otiueller.
580 4203 633 4260 1.1.
652 4202 688 4257 ΙΙ.
707 4203 749 4257 19.
768 4203 810 4256 80.
828 4216 854 4254 n.
873 4201 898 4255 3.
919 4202 977 4256 110.
995 4215 1020 4254 n.
1040 4202 1064 4254 1:
1083 4203 1140 4256 185.
