3120 4816
714 381 915 448 -44-

267 553 392 632 opolidia
423 552 539 614 domum
569 551 709 613 rusticam
739 550 823 612 iuxta
853 550 981 611 urbanas
1013 551 1115 614 domna
1148 554 1298 632 Euripidis
1330 561 1360 616 et

268 659 408 718 Lamachi
426 660 512 719 sitam
533 659 625 719 fuisse
646 659 757 719 maiore
782 658 919 718 libertate
941 657 1040 718 indicii
1061 659 1107 718 usi
1128 664 1196 721 sunt
1220 679 1310 737 quam
1332 663 1360 722 ei

266 765 317 841 qui
337 765 436 825 omnia
457 763 489 824 in
510 767 583 826 orbe
604 764 654 840 agi
675 768 851 825 statuerunt.

366 869 465 943 Quare
491 875 641 948 postremo
669 885 788 946 quoque
814 886 951 930 scaenam
983 887 1084 932 rorans
1115 876 1185 933 ante
1215 876 1358 936 urbanam

266 975 384 1036 domum
405 974 622 1052 Dicaeopolidis
648 991 714 1036 esso
742 992 848 1036 censeo
878 975 929 1036 ubi
961 980 991 1036 et
1018 984 1166 1040 mercatus
1194 980 1359 1056 etreliqua

267 1082 365 1142 omnia
385 1086 522 1158 agantur.

367 1186 426 1248 Sed
447 1187 563 1248 etiamsi
591 1204 629 1248 ea
649 1186 747 1246 omnia
775 1185 836 1246 suis
863 1185 969 1247 finibus
996 1188 1216 1268 circumscripta
1241 1191 1360 1252 uidean-

267 1299 315 1354 tur
335 1299 435 1357 tamen
456 1295 486 1354 in
506 1293 755 1355 Ancharncnsinm
783 1309 902 1369 quoqne
929 1293 1032 1354 fabula
1052 1283 1166 1356 summa
1187 1297 1359 1358 comoediae

267 1401 388 1461 libertas
415 1418 493 1478 quae
523 1404 656 1475 tempore
686 1416 722 1459 ac
747 1401 813 1459 loco
842 1415 948 1474 panum
975 1400 1107 1484 cohiberi
1137 1403 1213 1462 solet
1240 1403 1358 1462 minime

265 1506 419 1566 imminuta
446 1509 505 1566 est:
537 1509 570 1564 ut
590 1503 805 1580 Aristophanes
832 1522 908 1581 qnae
938 1511 1023 1566 extra
1052 1523 1190 1567 scaenam
1219 1508 1293 1568 finnt
1318 1537 1359 1548 -

266 1627 382 1670 cursum
413 1612 451 1671 ab
471 1610 650 1687 Amphithoo
681 1608 935 1670 Lacedaemonem
965 1608 1141 1689 institutum,
1174 1614 1359 1688 Megarensis

266 1715 430 1791 Boeotique
451 1721 646 1778 mercatorum
672 1716 798 1776 celerem
824 1712 993 1794 aduentum,
1023 1717 1242 1794 expeditionem
1264 1737 1283 1778 a
1303 1720 1359 1778 La·

266 1822 368 1882 macho
382 1821 491 1882 factam
505 1822 535 1882 in
549 1821 623 1883 tinea
633 1821 775 1882 Boeotiae
786 1849 824 1862 -·
833 1819 965 1882 eiusdem
977 1821 1063 1882 nnius
1078 1821 1139 1882 diei
1152 1825 1237 1898 quasi
1251 1824 1359 1886 ciroqu

265 1927 479 2006 complectitur.

364 2033 423 2095 Sed
453 2034 525 2110 quid
552 2038 651 2110 potest
679 2033 784 2094 mirum
813 2050 880 2095 esse
901 2035 931 2092 in
952 2033 1053 2095 fabula
1077 2054 1155 2113 qnae
1175 2038 1239 2096 tota
1260 2053 1359 2096 uersa·

265 2145 314 2200 tur
334 2139 365 2198 in
379 2158 412 2200 re
426 2140 554 2217 quadam
575 2137 778 2199 commenticia
793 2142 823 2198 et
837 2139 874 2199 ab
896 2140 976 2200 omni
996 2141 1130 2202 ueritate·
1145 2141 1243 2202 aliena
1263 2142 1358 2217 qualis

266 2250 312 2305 cst
332 2263 391 2322 pax
411 2246 529 2322 priuata
549 2245 637 2305 unius
656 2244 730 2304 ciuis
753 2274 790 2286 -
812 2244 876 2320 ipsa
898 2244 1018 2306 ciuitate
1040 2246 1148 2308 bellum
1169 2251 1301 2324 gerento.
