3120 4816
672 341 874 404 ,40-

228 511 342 572 animos
370 510 564 572 multitudinis
595 509 637 570 ita
664 509 756 570 mouit
784 512 819 568 ut
838 509 979 568 maiorem
1000 509 1156 585 quotannis
1175 525 1321 568 commen·

228 616 377 678 dstionem
400 617 533 678 haberet.

327 721 540 798 Aristophanes
569 739 641 782 uero
673 739 739 782 oum
770 719 888 781 uirtutis
916 719 1132 782 ethonestatis
1161 721 1222 780 uim
1243 737 1319 796 quae

228 827 312 902 quasi
338 827 451 904 spirare
479 825 631 886 uideretur
659 830 749 901 atque
780 842 922 902 expressa
954 830 1034 886 esset
1063 826 1093 886 in
1122 825 1263 901 Aeschyli
1290 830 1320 886 et

228 932 380 1008 Sophoclis
408 931 569 1008 tragoediis
595 931 655 992 iam
676 932 785 992 nullam
806 929 922 992 uideret
942 949 1008 992 esse
1029 931 1059 990 in
1080 931 1242 1008 tragoediis
1262 933 1319 990 En-

228 1037 330 1113 ripidis
352 1055 412 1098 non
432 1037 518 1098 modo
538 1037 711 1116 Euripidem
731 1041 881 1097 auctorem
901 1032 1121 1112 deprauatae⁵⁹
1146 1036 1319 1112 tragoediae

229 1143 281 1203 sed
313 1143 403 1204 etiam
431 1143 599 1221 tragoedias
626 1143 776 1220 Euripidis
807 1159 858 1204 eas
887 1142 1068 1210 existimauit
1094 1141 1133 1200 ad
1157 1159 1230 1217 quas
1258 1143 1319 1202 uni·

228 1267 316 1310 uersa
350 1250 513 1310 immutatio
550 1266 664 1308 morum
696 1248 867 1324 ingeniique
904 1247 1062 1307 referenda
1089 1251 1178 1306 esset.
1220 1246 1319 1320 Quare

229 1373 266 1414 ex
288 1374 346 1434 quo
368 1356 407 1414 ad
427 1354 612 1416 scribendum
640 1372 672 1415 se
694 1354 817 1414 contulit
842 1354 924 1413 illum
945 1353 1063 1430 quidem
1085 1351 1208 1429 adgredi
1228 1356 1319 1428 atquc

227 1455 416 1538 exagitareio
442 1477 593 1534 nunquam
623 1459 789 1520 intermisit.
833 1458 898 1532 Quo
920 1475 952 1518 se
974 1459 1147 1520 effecturum
1169 1476 1234 1519 esse
1255 1459 1319 1518 Ari·

226 1567 386 1642 stophanes
413 1565 579 1643 sperauisse
608 1564 726 1626 uidetur
753 1569 785 1625 ut
813 1583 872 1624 non
901 1563 987 1624 modo
1017 1567 1116 1626 labem
1143 1565 1232 1625 istam
1260 1569 1318 1624 tra-

227 1673 311 1748 gicae
332 1671 404 1746 artis
425 1676 575 1734 auerteret
595 1671 649 1732 sed
669 1671 759 1732 etiam
785 1671 957 1747 prohiberet
982 1671 1137 1747 quominus
1158 1669 1319 1746 tragoediis

226 1777 375 1854 Euripidis
405 1778 539 1838 homines
570 1778 647 1838 illius
679 1778 786 1839 aetatis
815 1779 986 1854 exquibus
1016 1778 1156 1840 iuuenum
1185 1777 1318 1854 inprimis

227 1883 325 1944 studia
345 1883 376 1942 iu
398 1882 461 1942 dies
483 1883 577 1960 magis
598 1882 646 1942 ille
667 1883 698 1941 in
719 1900 751 1942 se
772 1884 964 1944 conuertebat
985 1886 1251 1960 corrumperentur.

326 1989 390 2050 Iam
416 2007 488 2050 uero
520 1989 647 2050 maxime
667 1987 802 2065 Euripidi
830 1988 910 2050 haud
936 1989 1042 2050 iniuria
1074 1989 1254 2066 exprobrata
1274 1994 1320 2049 est

227 2111 306 2155 noua
326 2095 358 2154 in
377 2095 537 2172 tragoediis
556 2095 721 2156 fabularum
749 2095 884 2156 tractatio
905 2113 983 2171 quae
1001 2111 1122 2170 prorsus
1141 2095 1281 2156 abhorret
1301 2112 1320 2152 a

227 2200 392 2262 fabularum
417 2202 593 2262 tractatione
615 2219 704 2277 quam
724 2200 755 2260 in
776 2200 916 2276 Aeschyli
937 2205 968 2260 et
988 2199 1139 2277 Sophoclis
1159 2200 1320 2276 tragoediis

226 2307 401 2367 inuenimus.
444 2308 522 2366 Nam
557 2325 633 2382 quae
668 2307 776 2367 fabulis
809 2307 918 2366 tradita.
949 2311 1049 2366 essent
1083 2307 1125 2366 eis
1154 2305 1319 2381 Aeschylus

228 2411 358 2472 diuinam
387 2414 516 2489 aliquam
540 2413 748 2477 necessitatem
779 2413 916 2488 cognosci
938 2413 1098 2472 arbitratus
1119 2417 1180 2472 est:
1209 2411 1332 2487 Sopho-⁸

227 2521 288 2578 eles
314 2524 414 2580 autem
439 2518 543 2578 intima
570 2518 626 2579 illis
651 2517 771 2594 quidem
791 2521 822 2577 et
842 2517 994 2578 recondita
1022 2517 1143 2576 consilia
1170 2516 1318 2577 derebus

198 2657 200 2660 ·
227 2625 360 2684 humanis
382 2624 526 2684 contineri
547 2623 736 2684 existimauit.
771 2622 928 2698 Euripides
949 2639 1020 2682 uero
1042 2622 1148 2682 fabulis
1169 2622 1227 2681 illis
1248 2639 1318 2682 usus

227 2732 273 2788 est
298 2728 336 2787 ad
362 2728 555 2789 inueniendas
576 2733 606 2788 et
627 2726 666 2787 ad
685 2727 892 2806 proponendas
916 2745 1015 2788 rerum
1043 2727 1229 2788 condiciones
1256 2727 1317 2802 qui·

225 2837 280 2896 bus
301 2853 368 2894 eum
388 2851 508 2896 suorum
528 2839 692 2912 temporum
706 2834 841 2894 homines
856 2834 1035 2895 describeret
1052 2838 1115 2894 tum
1130 2851 1214 2894 suam
1227 2833 1319 2910 ipsius

226 2941 404 3001 sententiam
425 2941 612 3018 exprimeret.

324 3047 423 3125 Atque
454 3047 597 3124 tragicam
634 3047 713 3106 illam
749 3065 826 3123 quae
863 3051 986 3107 uocatur
1016 3047 1133 3124 eulpam
1162 3044 1318 3122 Euripides

225 3169 284 3210 non
299 3151 338 3212 ad
352 3157 506 3212 externam
519 3151 668 3228 quandam
687 3151 742 3212 lati
755 3151 961 3212 necessitatem
981 3151 1185 3213 reuocauit-
1196 3152 1226 3211 id
1240 3152 1319 3227 quod

226 3257 391 3336 Aeschylus
412 3263 501 3334 atque
515 3253 676 3333 Sophocles
697 3256 831 3317 fecerunt
842 3285 879 3296 —-
892 3257 945 3318 sed
959 3276 997 3317 ex
1011 3259 1074 3318 sola
1094 3257 1208 3317 nefaria
1228 3257 1318 3333 impo-

226 3363 319 3422 tentia
339 3369 369 3423 et
391 3381 428 3424 ex
449 3364 578 3425 moribus
600 3363 756 3440 animoque
777 3363 907 3423 eiusdem
928 3363 1004 3423 illius
1025 3365 1076 3440 qui
1097 3363 1184 3424 istam
1204 3365 1319 3440 eulpam
1375 3357 1376 3366 ’

226 3467 256 3526 in
278 3486 310 3529 se
331 3470 488 3530 contulisse
510 3470 661 3530 dicebatur
682 3469 829 3544 repetiuit.

325 3577 431 3650 Itaque
454 3575 643 3636 infelicissimi
663 3574 705 3634 illi
721 3592 809 3651 reges
822 3579 852 3635 et
867 3574 1015 3652 principes
1030 3574 1080 3652 qui
1095 3576 1175 3652 apud
1189 3574 1318 3650 Aeschy-

226 3683 286 3742 lum
298 3687 328 3742 et
339 3681 514 3756 Sophoclem
527 3684 576 3743 uel
589 3681 619 3741 in
632 3699 811 3742 summorum
824 3680 957 3742 dolorum
971 3681 1211 3759 perpessionibus
1227 3682 1317 3744 incre·

325 3935 350 3975 ⁵⁹
368 3934 435 3989 Ran.
454 3934 496 3987 93.

328 4029 350 4068 ⁶⁰
368 4025 403 4082 of.
420 4025 488 4082 Aah.
506 4026 575 4080 Ran.
592 4023 703 4082 Thesm.
727 4025 793 4080 Pae.
817 4026 880 4082 eoll.
904 4025 1038 4095 Autolyk
1061 4027 1190 4082 Erechth.
1208 4027 1317 4096 Polyld.

226 4110 327 4167 Phoen.
346 4111 444 4180 Proag.
461 4110 602 4180 Amphion

1538 1109 1539 1120 r

1538 1133 1539 1144 r

1538 1157 1539 1202 l

1538 1987 1539 2008 l

1538 2013 1539 2026 r

1538 2029 1539 2042 r

1401 2213 1404 2221 ¹
1535 2197 1539 2214 l
