3120 4816
701 345 900 408 ..39..

352 513 398 572 Ea
418 511 497 572 euim
516 510 750 574 Acharnensium
770 517 855 592 parte
876 513 926 572 ubi
948 512 1161 590 Aristophanes
1182 513 1345 592 Dicaeopo·

211 636 212 639 ’
254 620 342 682 lidem
369 617 485 678 induxit
510 618 668 678 adeuntem
689 618 860 694 Euripidem
882 614 1003 695 (qnippe
1026 637 1102 696 quae
1124 620 1163 680 ad
1183 638 1246 680 rem
1267 638 1345 696 quaa

253 725 380 786 maxime
412 728 552 800 ageretur
578 728 608 784 et
637 724 676 782 ad
705 724 787 801 pacis
818 725 1070 786 commendandae
1101 727 1255 788 consilium
1286 745 1345 787 non

254 833 415 909 pertineret
443 849 478 891 ac
498 831 564 906 plus
593 831 671 891 iusto
700 832 859 890 abrorum
889 830 991 890 ordine
1021 824 1197 910 declinaret)
1226 831 1346 891 adducti

254 942 355 997 suntu
336 936 464 997 utArist
451 936 649 1012 tophanemiu
660 935 947 998 Acharnensibust
916 955 932 996 e
934 936 1007 996 tiam
1020 938 1062 997 alt
1049 933 1179 998 terum⁵8
1193 937 1344 998 consilium

256 1044 356 1118 exagit
344 1042 427 1102 tandi
446 1041 595 1118 Euripidis
615 1045 748 1102 secutum
770 1059 835 1102 esse
857 1046 1032 1140 statuerent.

354 1165 395 1224 At
414 1165 497 1241 pacis
518 1164 766 1224 commendandae
788 1163 967 1224 consilium
960 1181 1020 1224 ram
1040 1183 1149 1240 uegaur
1141 1165 1193 1224 'id
1208 1183 1273 1226 esse
1287 1183 1346 1241 quo

256 1269 394 1330 uniuersa
414 1269 647 1330 Acharnensium
667 1269 818 1332 comoedia
839 1271 889 1331 nol
908 1270 1036 1329 maxime
1056 1271 1256 1331 contineretur
1264 1271 1347 1330 :sed
1388 1332 1390 1336 ,

256 1379 293 1436 ab
322 1375 520 1452 Aristophane
548 1377 701 1436 consilium
728 1376 799 1437 illud
827 1377 911 1453 quasi
938 1377 1165 1438 instrumentum
1195 1394 1347 1437 ornamen-

255 1461 376 1558 tumque
397 1483 597 1558 excogitatum
623 1481 684 1542 dixi
704 1500 763 1559 qno
784 1480 864 1558 quod
884 1500 917 1543 re
942 1499 1015 1542 uera
1034 1500 1094 1542 non
1115 1481 1347 1543 Acharnsnsinm

256 1589 349 1648 solum
377 1587 545 1648 comoediae
567 1588 620 1648 sed
640 1588 796 1648 uniuersae
821 1605 891 1649 suae
912 1589 998 1664 possi
1017 1587 1147 1650 comicae
1166 1589 1347 1666 propositum

257 1699 382 1756 esset—
397 1698 430 1755 ut
444 1695 612 1755 uniuersam
632 1695 841 1770 rempublicam
862 1692 1075 1754 Atheniensem
1094 1693 1187 1755 libore
1208 1695 1348 1770 perstrin-

255 1799 353 1876 gendo
374 1801 459 1877 quasi
478 1805 766 1878 repraesentaret-
779 1801 867 1862 etiam
881 1800 912 1860 in
927 1801 982 1861 hac
994 1800 1227 1862 Acharnensium
1247 1801 1349 1863 fabula

254 1907 413 1984 proferret.

354 2002 455 2090 Atque
482 2013 520 2074 ad
550 2014 606 2074 hoc
637 2013 789 2074 consilium
817 2014 844 2072 si
871 2013 1109 2075 reuocaucrimus
1139 2031 1176 2074 ea
1203 2031 1280 2089 quae
1309 2014 1348 2073 ad

256 2119 426 2196 Euripidem
454 2125 589 2198 spectant
616 2139 675 2180 non
702 2121 797 2181 solum
816 2125 888 2197 apta
907 2125 997 2196 atque
1019 2121 1161 2181 concinna
1182 2121 1235 2180 sed
1259 2121 1347 2180 etiam

257 2225 424 2286 necessaria
449 2225 500 2284 illa
529 2224 647 2302 quidem
675 2243 740 2286 esse
766 2226 959 2288 censebimus.
1001 2227 1079 2286 Nam
1106 2243 1172 2285 cnm
1192 2226 1223 2286 id
1244 2232 1348 2302 ageret
1435 2303 1440 2310 υ

256 2332 470 2408 Aristophanes
491 2332 522 2390 in
542 2331 780 2394 Acharnensibus
798 2337 832 2392 ut
853 2333 1010 2393 uniuersae
1031 2331 1211 2408 reipublicae
1233 2334 1349 2392 calami-

256 2444 349 2500 tatem
369 2435 446 2498 bello
468 2455 539 2498 sans
560 2441 610 2498 uel
630 2439 757 2500 maxime
776 2456 842 2499 cnm
863 2443 1049 2515 procreatam
1069 2443 1132 2498 tum
1153 2439 1243 2500 altam
1258 2443 1287 2499 et
1303 2456 1348 2497 ac·

256 2562 375 2605 censam
394 2544 503 2606 ciuium
524 2548 594 2605 ante
615 2546 714 2604 oculos
742 2533 872 2621 ponerct‘
895 2562 1017 2605 necesse
1048 2544 1106 2605 fuit
1132 2563 1199 2605 eum
1220 2545 1349 2604 animum

258 2650 414 2710 aduertere
436 2650 525 2710 etiam
546 2648 584 2708 ad
604 2649 708 2725 poesin
732 2667 794 2727 qua
818 2651 923 2728 'populi
943 2667 1041 2712 mores
1062 2649 1138 2711 tales
1158 2652 1261 2726 quales
1284 2668 1348 2710 csso

257 2760 381 2831 possunt
408 2755 616 2832 perfectissimi
641 2756 824 2832 exprimendi
848 2755 912 2816 fere
943 2760 1011 2817 sunt
1032 2761 1122 2832 atque
1152 2755 1284 2834 inprimis
1311 2756 1351 2814 ad

258 2862 366 2922 aetatis
386 2879 459 2921 suae
479 2861 662 2937 tragoediam
682 2879 760 2937 quas
774 2865 808 2921 ut
821 2861 886 2938 ipsa
906 2862 1073 2938 respublica
1092 2862 1188 2921 fracta
1205 2879 1241 2922 ac
1253 2880 1348 2939 paene

257 2945 427 3043 profligata
444 2967 610 3028 uidebatur.
653 2968 693 3027 Et
725 2965 823 3027 hercle
856 2968 935 3027 omni
969 2967 1114 3044 dignitate
1142 2975 1172 3028 et
1200 2969 1349 3044 grauitate

258 3092 347 3149 quam
374 3073 539 3148 Aeschylus
568 3077 658 3148 atquc
679 3072 838 3150 Sophocles
866 3073 960 3133 secuti
986 3078 1056 3134 sunt
1081 3074 1176 3149 magis
1195 3074 1349 3150 magisque

257 3181 394 3256 neglecta
421 3179 505 3255 quasi
532 3178 563 3236 in
584 3176 680 3242 iorum
708 3179 758 3238 illa
778 3177 973 3240 descenderat
1002 3180 1052 3240 ubi
1073 3181 1259 3240 consiliorum
1279 3181 1349 3239 mul-

256 3285 390 3346 titudinis
410 3283 544 3344 ministra
564 3288 653 3361 atque
675 3283 805 3344 adiutrix
824 3286 996 3363 popularem
1024 3302 1144 3346 causam
1165 3283 1348 3346 defenderet.

356 3408 456 3488 Atque
477 3407 561 3468 istius
581 3409 754 3483 tragoediae
774 3409 911 3486 princeps
931 3409 988 3470 ruit
1007 3409 1171 3485 Euripides.

356 3531 414 3605 Qui
434 3550 494 3592 non
515 3533 609 3592 solum
629 3531 762 3593 omnibus
789 3534 877 3593 rebus
906 3531 1030 3608 publicis
1049 3535 1117 3610 post
1137 3529 1258 3592 Perichs
1278 3536 1349 3593 tom-

257 3655 331 3714 pora
355 3638 516 3698 immutatis
543 3642 637 3699 artem
663 3656 781 3714 quoque
808 3639 951 3716 tragicam
978 3641 1008 3699 in
1030 3655 1131 3698 omnes
1151 3642 1253 3714 partes
1274 3657 1350 3698 com·

257 3744 383 3806 mutauit
403 3745 457 3806 sed
478 3745 567 3808 etiam
580 3743 619 3807 ad
632 3763 815 3808 communem
835 3745 1068 3824 intellegentiam
1083 3763 1115 3806 se
1128 3744 1350 3806 accommodans

320 4118 329 4172 l
356 4035 381 4074 ⁶⁸
397 4031 434 4090 ci.
460 4033 570 4090 Hieron.
596 4033 715 4092 Mueller.
742 4034 770 4090 in
794 4035 878 4104 praei.
906 4037 942 4092 ad
968 4036 1016 4092 Ar.
1034 4035 1102 4094 Acb.
1129 4036 1238 4106 interpr.
1265 4050 1350 4106 germ.

258 4122 287 4173 ct
303 4133 320 4172 a
332 4158 338 4171 .
