3120 4816
662 382 864 444 ..33-

133 527 135 536 1
218 545 268 619 qui
289 545 319 604 in
340 545 450 608 comico
470 550 561 623 polita
581 523 800 622 reprehendat?
842 551 881 611 ut
908 551 938 609 in
968 565 1082 608 summa
1109 544 1221 650 gaudii
1230 546 1323 604 ioco'

216 667 340 726 rumque
360 651 480 712 lieentia
508 651 721 728 Aristophanes
742 657 812 731 quid
841 675 875 717 re
904 671 978 716 uera
1006 652 1043 713 de
1071 668 1146 729 pace
1172 653 1306 727 speraret

218 755 289 815 satis
310 756 457 818 luculente
478 757 646 818 declarauit.
689 758 755 834 Qua
781 762 942 840 composita
967 759 1052 836 quasi
1084 757 1306 817 fundumentum

218 861 377 922 communis
398 863 483 924 istius
503 864 645 939 perniciei
666 884 742 942 quae
773 885 894 929 manere
916 885 951 928 ao
972 865 1072 925 ualere
1093 861 1229 939 nequiret
1249 859 1306 920 nisi

217 965 286 1026 belli
306 968 487 1044 temporibus
509 985 645 1030 euersum
665 970 702 1030 iri
722 957 882 1034 arbitratus
903 976 956 1034 est.

316 1073 360 1134 Ac
380 1091 418 1134 ue
439 1075 517 1134 mula
537 1076 656 1151 quidem
683 1079 755 1138 belli
781 1096 857 1156 quae
889 1083 958 1138 ante
984 1075 1083 1136 oeulos
1111 1071 1307 1150 spectantium

216 1182 306 1254 po'dta
326 1183 427 1239 noster
446 1181 531 1256 pouit
551 1181 639 1240 altius
659 1183 788 1259 repetita
809 1189 885 1244 sunt.
922 1181 1017 1255 Quem
1038 1180 1117 1240 enim
1136 1179 1208 1238 belli
1228 1177 1307 1254 eupi-

217 1285 367 1344 dissimum
387 1284 503 1346 induxit
524 1287 690 1347 Lamachus
710 1306 823 1362 summa
843 1289 940 1349 hieme
962 1287 1106 1348 aduersus
1119 1284 1220 1345 hostes
1241 1301 1306 1359 pro-

216 1389 305 1450 iioisei
327 1389 461 1466 cogitur:
484 1391 562 1452 unde
584 1409 723 1454 reuersus
743 1395 916 1455 uulneribus
941 1391 1069 1468 acceptis
1095 1388 1251 1449 ludibrium
1273 1387 1306 1448 fit

218 1495 281 1556 eius
303 1496 353 1571 qui
375 1514 441 1556 eum
461 1495 595 1558 hostibus
614 1516 719 1576 paoem
733 1499 813 1561 feeit.
855 1498 1031 1576 Quanquam
1052 1513 1128 1574 quae
1151 1495 1209 1552 alia
1229 1495 1306 1553 mala

217 1620 330 1663 summa
350 1606 440 1678 atque
460 1603 634 1678 grauissima
653 1605 730 1666 bello
753 1607 858 1668 effecta
885 1610 985 1666 essent
1011 1603 1110 1664 multis
1138 1601 1307 1662 Acharneu-

217 1709 292 1768 sium
321 1709 394 1769 loeis
420 1707 457 1768 de
489 1711 629 1771 uniuersa
657 1712 836 1788 reipublicae
868 1709 1039 1771 condicione
1071 1709 1164 1768 uerba
1196 1703 1307 1766 faciens

217 1813 430 1891 Aristophanes
460 1813 567 1874 doeuit.
609 1817 691 1876 Bello
720 1817 798 1876 enim
826 1835 893 1877 cum
913 1813 1106 1875 multitudinis
1127 1812 1307 1872 dominatum

217 1921 423 1997 licentiamque
452 1925 515 1980 tum
546 1923 595 1981 uel
627 1923 753 1983 maxime
785 1923 939 2000 imperium
972 1920 1160 1998 popularium
1196 1919 1307 1994 augeri.

218 2026 350 2100 Quocum
371 2028 518 2088 artissime
540 2027 725 2088 coniunctam
747 2046 812 2089 esse
833 2028 944 2104 ingenii
966 2043 1137 2102 morumque
1159 2025 1238 2084 illam
1260 2024 1307 2084 dc-

217 2134 421 2209 prauetionem
442 2151 520 2209 quae
541 2133 579 2194 ad
600 2134 697 2194 omnia
718 2134 798 2194 uitae
819 2151 931 2210 genera
951 2152 986 2193 ao
1007 2132 1105 2193 studia
1118 2130 1306 2191 redundaret.

316 2237 376 2300 Sed
397 2257 455 2316 quo
478 2239 595 2316 dignius
608 2240 675 2301 odio
690 2242 816 2317 populus
834 2241 943 2302 bellum
957 2240 1082 2300 haberet
1096 2237 1308 2313 Aristophanes

218 2346 373 2406 ostendere
395 2349 517 2405 conatus
539 2350 584 2406 est
605 2345 710 2422 quibus
725 2346 821 2406 causis
836 2345 992 2406 leuissimis
1004 2349 1036 2404 et
1049 2337 1307 2404 contemnendisll

217 2452 327 2512 bellum
349 2456 379 2512 et
400 2456 535 2512 exortum
556 2457 636 2512 essen
658 2457 687 2512 et
707 2470 795 2529 porro
817 2455 980 2527 gereretur.
1016 2453 1073 2510 Pro
1096 2467 1131 2510 eo
1154 2452 1252 2508 autem
1274 2451 1307 2506 ut

218 2556 388 2633 simpliciter
408 2557 439 2616 id
460 2557 540 2633 quod
561 2558 670 2618 sentiat
692 2557 770 2616 dieat
787 2539 947 2634 cupiditate
961 2556 1019 2616 ista
1033 2573 1110 2631 quae
1125 2573 1179 2616 sua
1192 2557 1306 2614 tantum

218 2663 369 2724 commoda
389 2680 531 2738 suamque
557 2665 681 2724 salutem
708 2667 856 2740 spectaret
877 2662 986 2723 bellum
1008 2667 1038 2721 et
1059 2661 1219 2720 excitatum
1241 2675 1306 2719 esse

218 2772 248 2828 et
268 2786 355 2846 porro
376 2769 440 2846 geri
457 2799 489 2810 -
502 2768 718 2846 Aristophanes
737 2769 893 2846 profitetur
913 2767 982 2828 belli
1004 2767 1082 2843 quod
1103 2771 1195 2826 totam
1217 2765 1306 2824 Gree-

216 2875 291 2934 oiam
322 2893 493 2938 euersurum
521 2880 600 2934 esset
630 2892 734 2934 causas
762 2873 854 2934 fuisse
880 2891 957 2950 quae
985 2873 1110 2951 priuatis
1131 2871 1306 2931 utilitatibus

217 2979 297 3040 ducti
317 2980 518 3057 sycophantae
539 2978 682 3071 aduersus
701 2981 826 3056 Megara
845 2979 940 3039 moliti
962 2983 1062 3038 essent
1077 2982 1107 3037 et
1124 2993 1201 3052 quae
1218 2976 1306 3034 trium

216 3087 387 3146 ancillarum
408 3086 505 3162 gratia
525 3085 654 3146 Pericles
675 3067 795 3171 ¹iecisset
817 3085 938 3146 decreta
958 3085 1117 3160 Megarica.
1144 3083 1180 3142 ln
1201 3081 1307 3156 quibus

193 3194 351 3270 'quamuis
384 3211 487 3254 uerum
518 3191 557 3252 sit
587 3175 812 3253 Atheniensium
840 3210 906 3252 curn
933 3190 1157 3267 Megarensibus
1188 3192 1307 3248 eonten-

218 3295 331 3360 tione⁴²
361 3304 391 3359 et
416 3295 604 3374 prohibitis*8
632 3298 783 3359 aPericle
804 3297 1024 3375 Megarensium
1051 3293 1231 3356 commerciis
1258 3295 1307 3353 uel

217 3404 344 3463 maxime
380 3405 490 3466 bellum
522 3405 670 3465 exarsisse
701 3409 801 3464 tamen
830 3405 963 3480 singulae
995 3419 1131 3478 quaeque
1163 3417 1306 3459 commen-

216 3510 286 3570 ticia
306 3515 374 3570 snut
394 3514 486 3586 atque
506 3491 584 3571 licta.
607 3512 713 3587 Neque
736 3511 814 3570 enim
828 3510 970 3585 indagare
986 3508 1079 3568 uoluit
1093 3505 1307 3582 Aristophanes

216 3618 247 3676 in
269 3635 305 3677 ea
325 3617 477 3678 comoedia
497 3635 574 3694 quae
596 3635 685 3678 uerae
706 3617 776 3679 belli
798 3635 905 3678 causae
927 3616 1051 3676 fuissent
1072 3630 1205 3688 -quas
1226 3612 1307 3670 illum

215 3723 335 3801 quidem
365 3723 482 3800 penitus
509 3723 695 3801 perspexisse
726 3742 785 3784 uon
813 3723 985 3801 negauerim
1012 3751 1052 3764 -
1080 3726 1110 3782 et
1136 3721 1190 3779 has
1218 3736 1306 3780 ueras

313 3983 339 4022 ⁴⁸
355 3981 417 4036 Pac.
436 3979 487 4034 600
505 3994 546 4047 sq.
565 3978 636 4032 Plut.
654 3977 749 4032 Periol.
769 3978 810 4034 30.

314 4068 339 4105 ⁴¹
357 4064 447 4122 Schol.
464 4065 527 4118 Pac.
547 4063 605 4118 609.
624 4062 695 4118 Nub.
713 4061 772 4118 302.
785 4063 848 4119 Pae.
866 4065 928 4118 als.

314 4153 339 4191 ⁴⁸
355 4152 427 4206 Plot.
445 4150 505 4205 Nic.
522 4149 573 4204 IX.
591 4148 678 4204 Thuc.
695 4148 717 4203 I.
737 4143 795 4202 127.
814 4148 872 4204 145.
