3120 4816
730 415 935 479 ...32-

287 604 410 662 quocum
432 603 480 645 res
502 586 557 646 sibi
579 590 656 646 esset
678 585 855 659 minimeque
876 602 943 644 eum
965 584 1040 662 fugit
1064 586 1279 647 multitudinem
1302 605 1377 646 eom-

287 693 399 753 moueri
429 710 487 750 non
517 708 603 766 posse
632 691 689 750 nisi
721 690 878 767 propositis
905 690 1063 752 commodis
1093 691 1256 752 manifestis
1288 699 1377 768 atque

286 800 396 876 apertis
417 797 601 858 utilitatibus.
644 795 742 868 Quare
778 795 882 855 mirum
912 814 970 856 uon
998 802 1044 857 est
1071 797 1149 874 quod
1176 798 1240 875 ipse
1270 801 1377 859 bonam

285 922 405 965 causam
415 903 578 963 defendens
589 903 723 963 omnibus
745 902 787 962 eis
799 901 930 962 artificiis
952 920 1023 962 usus
1038 907 1083 962 est
1098 903 1205 978 quihus
1220 905 1377 981 populares

284 1012 392 1088 populo
420 1008 599 1085 persuadere
628 1009 769 1068 solebant.
811 1009 890 1068 Nam
918 1010 1040 1084 protulit
1070 1014 1101 1069 ut
1123 1009 1153 1068 id
1174 1012 1255 1086 quod
1284 1013 1376 1071 uoluit

284 1117 497 1192 adsequeretur
518 1117 597 1176 haud
616 1133 712 1193 pauca
731 1134 750 1174 a
771 1116 897 1176 ueritate
919 1116 1013 1192 magis
1034 1116 1168 1176 mhrusue
1187 1118 1377 1178 abhorrentia

285 1241 380 1300 neque
409 1223 552 1284 dubitauit
582 1224 662 1300 ipsas
682 1239 730 1281 res
752 1227 852 1298 gestas
874 1193 1039 1299 deprauare
1069 1223 1204 1299 talesque
1232 1225 1374 1302 effingere

284 1330 386 1406 quales
409 1330 436 1388 ei
457 1327 495 1388 ad
516 1340 634 1389 oausam
655 1346 738 1388 suam
760 1327 1079 1388 accommodatissimas
1107 1330 1292 1390 uidebantur.
1336 1333 1375 1390 Et

282 1435 414 1512 profecto
447 1435 535 1495 etiam
564 1453 641 1495 nunc
667 1434 881 1510 Aristophanes
910 1435 1038 1496 omnium
1066 1436 1178 1496 animos
1209 1441 1374 1496 commouet

283 1544 370 1602 rebus
392 1545 422 1602 et
443 1541 522 1601 ueris
543 1546 574 1600 et-
593 1540 669 1600 tictis
690 1533 850 1600 laetissime
871 1540 913 1600 ita
935 1520 1124 1601 consociatis*
1430 1519 1434 1524 ⁵

382 1645 467 1718 erod
493 1651 590 1707 autern
623 1651 741 1706 secutus
767 1651 812 1706 est
841 1647 1054 1723 Aristophanes
1086 1649 1116 1706 in
1141 1649 1373 1711 nebarnensium

282 1753 383 1814 tabula
404 1753 554 1813 eonsilium
577 1757 609 1814 ut
630 1754 672 1812 ita
694 1753 788 1813 dicam
809 1752 957 1829 proprium
980 1757 1010 1812 et
1030 1754 1179 1830 peculiare
1200 1762 1232 1815 ut
1248 1760 1278 1817 et
1293 1757 1374 1832 pacis

281 1860 426 1921 desiderio
435 1856 461 1898 ⁴⁸
472 1860 552 1920 ciues
563 1859 703 1918 adiiceret
715 1863 745 1917 et
758 1859 950 1934 persuaderet
971 1860 1013 1920 eis
1024 1878 1128 1936 pacem
1148 1862 1249 1937 utique
1265 1863 1372 1922 facien-

275 1968 349 2026 ‘dam
370 1985 435 2028 esse
457 1967 488 2026 id
509 1965 721 2042 simpheissimo
748 1965 967 2041 laetissimoque
995 1967 1082 2026 modo
1114 1967 1155 2025 ita
1185 1967 1311 2044 perfecit
1341 1975 1374 2028 ut

281 2073 407 2133 maxime
434 2074 518 2134 seriis
547 2071 700 2132 sententiis
729 2071 915 2131 iocosissimis
944 2071 1031 2150 nugis
1067 2079 1207 2149 tanquam
1235 2074 1373 2134 inuolutis

281 2175 525 2240 iucundissima⁴⁴
544 2177 625 2254 pacis
646 2179 724 2237 bona
744 2177 828 2234 malis
848 2177 1022 2236 tristissimis
1043 2178 1112 2238 belli
1134 2185 1305 2256 opponeret.

380 2284 478 2357 Quare
506 2301 699 2360 quaecunque
729 2283 806 2343 bello
839 2283 993 2360 deperdita
1023 2283 1280 2346 uehementissime
1309 2291 1371 2346 tum

205 2425 209 2434 ·
280 2393 405 2469 populus
436 2391 624 2452 desiderabat
658 2409 694 2450 ea
721 2389 941 2465 illum‘quidem
963 2389 1034 2449 facit
1061 2396 1249 2451 consecutum
1269 2393 1320 2468 qui
1342 2394 1370 2450 in

280 2499 379 2559 tabula
399 2515 502 2573 paoem
523 2496 684 2573 composuit
703 2495 851 2571 priuatam
873 2513 938 2554 curm
958 2495 1042 2556 hoste
1064 2529 1104 2538 —
1118 2497 1368 2573 Dicaeopolidem.

281 2602 338 2677 Qui
359 2620 470 2662 uacuus
491 2601 696 2662 molestissima
725 2599 827 2660 militia
860 2601 939 2661 nullo
972 2607 1051 2661 metu
1079 2603 1206 2663 hostium
1232 2621 1269 2662 ex
1297 2605 1369 2664 urhe

281 2709 362 2770 abire
382 2711 481 2785 potest
502 2726 560 2782 quo
582 2709 645 2767 uult
667 2711 698 2766 et
718 2706 862 2781 Dionysia
882 2708 992 2767 rustica
1012 2726 1089 2783 quae
1110 2709 1239 2768 omnium
1256 2710 1369 2770 sellem-

279 2815 360 2875 nium
395 2813 480 2873 lacile
509 2813 671 2874 laetissima
698 2817 727 2871 et
758 2811 965 2871 iucundissima
994 2814 1044 2873 diu
1076 2815 1134 2874 iam
1164 2816 1200 2874 ob
1229 2819 1371 2876 tumultus

280 2921 400 2980 bellicos
432 2920 539 2996 populo
569 2920 598 2977 in
630 2920 703 2979 urbe
731 2935 898 2994 compresso
930 2919 1096 2978 intermissa
1133 2916 1252 2980 erant⁴⁵
1281 2926 1369 2996 atque

280 3026 376 3086 Choes
398 3043 521 3101 quarum
543 3025 606 3084 dies
627 3024 719 3084 festos
745 3041 810 3083 cum
837 3024 1070 3118 Aelprnensium
1096 3025 1196 3086 tabula
1218 3025 1304 3086 docta
1324 3033 1369 3084 est

279 3149 384 3208 reapse
415 3132 574 3192 etiamnum
603 3130 789 3190 imminentes
820 3148 852 3189 se
880 3131 956 3190 bello
988 3132 1158 3190 continuato
1189 3131 1267 3190 omni
1297 3132 1369 3191 auti-

280 3239 380 3313 quitus
402 3235 510 3297 tradita
532 3235 727 3295 sollemnitate
743 3236 943 3295 celebraturos
960 3235 1156 3298 Athenienses
1177 3239 1228 3297 uix
1249 3255 1369 3316 sperare

280 3349 418 3420 poterant
438 3337 589 3402 uberrima
610 3341 737 3402 omnium
759 3357 857 3400 rerum
878 3341 962 3418 copia
983 3347 1052 3404 ante
1066 3345 1164 3403 oculos
1175 3344 1368 3421 spectantium

278 3450 416 3510 celebrat.
437 3446 592 3507 Restitutis
614 3446 740 3522 denique
762 3447 792 3505 in
812 3463 886 3523 pace
914 3447 1093 3508 commerciis
1115 3449 1244 3524 undique
1265 3451 1368 3510 Dicae-

278 3555 386 3630 opolidi
406 3571 518 3613 meroes
540 3555 732 3628 apportantur
754 3551 988 3613 delicatissimae.

377 3659 461 3732 Quae
481 3658 632 3734 proposita
651 3658 733 3734 pacis
754 3657 906 3717 commoda
926 3660 997 3718 talia
1018 3678 1083 3720 esse
1099 3662 1253 3736 quaesere
1271 3665 1368 3723 omnia

279 3767 318 3826 ad
333 3763 527 3824 multitudinis
541 3762 718 3838 cupiditates
731 3762 922 3840 priuatasque
935 3765 1077 3826 utilitates
1089 3773 1224 3843 spectent
1237 3771 1302 3844 quis
1325 3777 1370 3837 est

374 4031 398 4067 ⁴³
417 4027 489 4097 Hyp.
508 4027 562 4081 Au.
581 4025 616 4080 11.
636 4027 694 4080 343.
716 4026 747 4080 18
765 4041 806 4094 sq.
826 4025 868 4082 ed.
888 4027 967 4095 blein.
986 4029 1054 4084 Aah.
1073 4031 1114 4084 iri.
1134 4047 1156 4086 c.
1176 4030 1269 4086 Schol.

374 4114 399 4150 4⁴
417 4111 487 4166 Aeh.
506 4113 557 4166 959
575 4127 615 4178 sq.

373 4198 398 4238 4⁵
416 4195 524 4252 Thesm.
546 4197 620 4250 1147.
