3120 4816
643 426 847 489 ..15-

220 597 341 658 missum
362 595 508 657 introduci
528 596 658 657 iubeant.
681 594 738 667 Qui
760 573 831 655 ‘sane
853 594 1010 654 admodum
1030 593 1183 670 insigniter
1203 595 1311 686 Pseud-

219 704 339 762 artabas
370 702 574 762 denominatus
604 706 694 776 atque
720 701 824 759 mirum
850 699 881 758 iu
901 701 1025 760 modum
1054 719 1112 761 uno
1134 705 1163 760 et
1184 701 1311 762 maximo

219 809 304 867 oculo
334 809 485 883 barbaque
515 806 630 884 ingenti
660 811 820 866 exornatus
847 824 913 865 cum
946 805 1058 866 duobus
1089 806 1312 882 insequentibus

220 914 362 973 eunuchis
383 915 530 990 prodisset
540 912 626 971 nimis
638 913 825 989 Dicaeopolis
839 911 949 987 apertis
963 912 1027 971 istis
1041 911 1165 972 fallaciis
1183 914 1312 972 offensus

219 1039 253 1080 se
280 1022 338 1079 iam
365 1039 423 1081 nou
451 1019 581 1079 continet
603 1019 675 1095 quin
696 1036 811 1079 omnem
832 1017 966 1077 fr'audem
994 1018 1167 1093 aperiat-
1195 1018 1312 1078 demon-

222 1131 320 1186 strans
348 1126 481 1186 homines
507 1125 557 1202 qui
583 1127 693 1186 Persae
718 1129 862 1184 uocantur
889 1123 969 1184 ciues
995 1124 1191 1184 Athenienses
1219 1125 1311 1202 impu-

113 1286 118 1299 ,
219 1233 321 1293 dicitia
347 1232 471 1292 infames
505 1235 536 1291 et
562 1249 663 1292 omnes
690 1247 758 1307 spes
784 1230 941 1290 Persarum
967 1229 1047 1305 regis
1068 1230 1170 1289 auxilii
1190 1231 1311 1291 uanissi-

218 1357 283 1398 mas
303 1357 379 1399 esse.
413 1337 472 1397 Sed
485 1337 671 1398 nihilominus
692 1337 791 1417 „regis
813 1331 917 1396 oculo“
940 1336 978 1395 ad
999 1337 1101 1412 epulas
1122 1337 1152 1395 in
1165 1341 1310 1414 prytaneo

219 1449 379 1521 apparatas
416 1444 539 1503 inuitato
572 1441 830 1503 uehementissime
861 1441 1047 1517 Dicaeopolis
1078 1441 1248 1517 indignatus
1277 1447 1310 1502 ut

218 1551 339 1611 tandem
360 1549 517 1626 aliquando
538 1553 694 1625 postquam
717 1547 826 1608 diutius
846 1548 905 1606 iam
926 1548 1024 1607 omnia
1050 1547 1122 1608 belli
1148 1549 1224 1606 maia
1245 1567 1310 1625 per-

218 1675 325 1732 pessus
337 1658 374 1715 sit
389 1657 493 1732 etipse
508 1654 642 1714 ineundis
654 1653 734 1714 uitae
748 1654 833 1714 bonis
853 1653 968 1713 fruatur
988 1671 1091 1728 pacem
1110 1654 1213 1714 statuit
1234 1672 1309 1713 com-

219 1763 385 1838 ponendam
413 1762 470 1821 sibi
502 1760 557 1818 soli
586 1777 652 1819 cum
684 1777 702 1816 a
729 1759 880 1835 republica
900 1758 972 1818 nihii
1001 1760 1233 1836 exspectandum
1261 1761 1308 1820 sit.

219 1869 318 1944 Atque
339 1868 390 1944 qui
412 1866 450 1925 ad
481 1883 549 1926 cum
580 1864 754 1940 confugerat
781 1863 990 1941 Amphitheam
1017 1865 1199 1941 aptissimum
1227 1869 1310 1925 ratus

219 1975 432 2034 internuntium
453 1972 490 2032 dc
511 1989 564 2031 suo
592 1971 661 2032 dato
684 1971 792 2031 uiatico
818 1975 851 2030 ut
876 1971 932 2031 sibi
963 1972 1048 2032 uxori
1078 1972 1178 2032 liberis
1205 1990 1309 2048 pacem

219 2079 309 2138 faciat
329 2078 581 2139 Lacedaemonem
602 2077 700 2136 mittit.

318 2187 438 2245 Interea
458 2189 557 2243 autem
578 2184 654 2244 alius
674 2184 781 2260 prodiit
801 2163 919 2260 leg'atus
943 2185 994 2260 qui
1015 2184 1053 2243 ad
1068 2183 1196 2246 Sitalcen
1217 2185 1308 2244 Thra-

220 2309 285 2350 cum
316 2309 418 2367 regem
448 2290 643 2351 subsidiorum
669 2291 864 2366 petendorum
895 2307 985 2350 eausa
1011 2290 1115 2350 misam
1138 2297 1211 2353 erat.
1254 2290 1307 2351 Oui

218 2390 433 2470 Aristophanes
464 2399 596 2457 consulto
628 2413 735 2456 nomen
760 2397 933 2472 imposuisse
961 2395 1080 2455 videtur
1103 2397 1220 2456 Theoro
1241 2416 1307 2458 cum
1349 2433 1353 2442 ·
1406 2382 1408 2387 ³

217 2501 269 2560 illa
292 2506 391 2561 aetate
412 2501 499 2561 huius
519 2502 653 2561 nominis·
666 2502 897 2578 improbissimus
917 2501 1037 2577 quidam
1057 2501 1144 2562 homo
1157 2503 1308 2563 blanditiis

217 2607 277 2666 suis
309 2607 528 2683 acceptissimus
560 2607 707 2668 extitisset
737 2606 918 2667 multitudini
945 2607 1129 2667 Atheniensi.
1172 2609 1306 2684 Itemque

217 2714 247 2772 in
270 2697 422 2772 comoedia
443 2712 577 2772 Theorus
608 2713 657 2772 iile
687 2713 738 2790 qui
758 2713 850 2789 legati
877 2732 998 2775 munere
1030 2715 1147 2776 functus
1174 2716 1224 2775 uni
1253 2715 1307 2775 sibi

216 2821 297 2881 urbis
326 2820 420 2878 salute
448 2835 569 2894 prorsus
596 2820 732 2894 neglecta
759 2818 870 2896 profuit
890 2820 961 2879 nihil
981 2821 1037 2880 nisi
1058 2822 1216 2882 blanditias
1242 2839 1307 2898 pro·

216 2927 274 2986 fert
301 2943 336 2985 ac
357 2941 439 2984 mera
467 2925 630 2984 mendacia.
672 2922 757 2997 erod
787 2943 853 2984 cum
875 2925 1023 2986 Thracum
1052 2928 1133 3003 regis
1162 2927 1307 2988 deditissi-

216 3049 294 3091 mum
315 3031 545 3091 Atheniensibus
573 3030 701 3089 animum
722 3033 899 3107 probaturus
920 3049 1043 3107 paruam
1063 3051 1152 3110 quam
1174 3036 1222 3094 ilie
1243 3035 1305 3108 qui·

216 3137 283 3196 dem
309 3136 420 3196 miserit
445 3135 650 3196 Odomantium
679 3153 797 3194 manum
824 3136 959 3212 producit
988 3139 1175 3215 Dicaeopolis
1202 3139 1305 3198 horum

216 3260 333 3318 quoque
364 3245 492 3304 omnium
523 3243 595 3302 nihil
627 3260 730 3302 verum
765 3260 797 3303 se
823 3247 928 3319 putare
960 3246 1106 3319 rebusque
1139 3245 1180 3303 ita
1216 3262 1304 3320 porro

216 3349 308 3423 gestis
329 3348 526 3410 Athenienses
551 3349 699 3425 perituros
721 3366 787 3408 esse
807 3350 906 3424 palam
927 3349 1090 3425 profitetur.
1133 3349 1206 3410 Cum
1233 3369 1304 3410 vero

215 3453 371 3513 miserrimi
400 3455 449 3514 isti
471 3455 579 3515 milites
599 3454 702 3512 allium
724 3453 787 3512 eius
809 3471 847 3512 ex
868 3471 954 3514 sacco
982 3456 1090 3516 cibario
1118 3454 1207 3515 furati
1237 3461 1304 3516 sunt

216 3558 386 3642 indignatus
413 3559 600 3636 Dicaeopolis
628 3547 806 3634 omninoque
837 3558 997 3635 desperans
1028 3561 1096 3620 boni
1127 3561 1237 3637 aliquid
1267 3565 1305 3623 ab

216 3664 271 3724 hac
292 3665 601 3741 conticueimpetrari
623 3682 710 3742 posse
733 3681 821 3740 quam
842 3665 939 3724 subito
961 3666 1087 3728 senserit
1120 3671 1233 3743 guttam
1254 3669 1304 3726 im-

215 3771 276 3830 bris
294 3772 394 3847 palam
415 3771 444 3829 in
466 3789 552 3831 omen
573 3771 671 3830 vertit.
715 3769 831 3842 Quare
854 3772 989 3832 commoti
1010 3777 1153 3849 prytanea
1175 3774 1304 3834 Thraces

216 3876 357 3950 perendie
378 3895 479 3937 rursus
500 3879 605 3937 adesse
627 3877 730 3937 iubent
748 3877 973 3952 contionemque
995 3877 1153 3941 dimittunt.

314 3982 373 4042 Vix
394 3987 493 4042 autem
514 3983 670 4042 multitudo
692 3985 805 4043 abierat
826 4001 892 4043 oum
913 3985 1097 4045 exanimatus
1110 3986 1304 4063 Amphitheus

216 4089 371 4163 procurrit.
402 4088 536 4149 Ridicula
557 4089 635 4148 cuim
657 4089 808 4149 celeritate
830 4090 887 4148 iter
906 4089 1031 4150 Athenis
1052 4091 1304 4152 Lacedaemonem

216 4193 330 4270 iterque
345 4193 569 4256 Lacedaemone
584 4195 717 4256 Athenas
739 4194 864 4254 confecit
885 4193 954 4256 dum
975 4199 1090 4257 actores
1109 4197 1304 4272 quadraginta
