3120 4816
683 366 883 430 ...35-

237 529 363 591 tecerint
383 535 414 591 et
434 529 579 592 inseruire
609 531 796 607 perficiendis
825 532 941 592 illorum
967 531 1113 593 consiliis:
1145 530 1255 607 quippe
1275 529 1328 605 qui

238 653 337 696 errore
352 635 437 712 capti
458 635 596 712 omnique
616 637 736 713 propria
758 639 913 698 uoluntate
936 642 1075 714 expertes
1089 640 1167 697 totos
1189 653 1221 696 se
1235 635 1328 696 tinxe-

236 741 296 801 rint
317 746 347 802 ct
369 742 617 802 accommodarint
640 743 678 804 ad
698 744 814 804 illorum
831 744 984 804 arbitrium
998 748 1030 803 et
1042 749 1154 804 nutum.
1175 743 1239 802 Iam
1253 760 1326 802 uero

237 847 383 924 quomodo
404 848 454 908 isti
474 849 608 909 homines
629 853 660 909 et
680 848 756 911 fictis
777 849 964 926 impudenter
983 849 1182 924 legationibus
1201 853 1232 908 et
1252 847 1328 908 talso

237 953 388 1029 promissis
410 955 733 1031 exterarumgentium
753 956 870 1016 auxiliis
885 955 1003 1017 efficere
1015 955 1154 1018 studeant
1173 957 1207 1014 ut
1218 955 1328 1015 bellurn

237 1060 309 1136 ipsis
319 1059 505 1122 utilissimum
515 1059 793 1136 perniciosissimum
801 1061 909 1122 ceteris
918 1061 1053 1122 omnibus
1063 1059 1327 1137 quamlongissime

164 1235 167 1240 ¹
236 1167 372 1227 trahatur
399 1167 630 1228 luculentissime
659 1167 872 1246 Aristophanes
904 1166 935 1228 in
963 1166 1197 1228 Achamensium
1227 1163 1328 1227 fabula

237 1273 333 1334 docet.

337 1374 451 1455 Qiribus
477 1380 611 1442 omnibns
637 1380 714 1442 effici
743 1381 869 1458 denique
898 1382 964 1442 uult
989 1383 1081 1457 poe'ta
1107 1385 1141 1442 ut
1169 1380 1249 1441 ciues
1276 1381 1327 1457 qui

237 1487 368 1548 fabulam
403 1491 538 1563 spectent
572 1488 751 1548 arbitrentur
782 1505 886 1565 pacem
921 1488 1023 1564 ntique
1060 1486 1226 1548 faciendam
1261 1503 1327 1546 esse

237 1593 377 1668 quamdiu
405 1593 555 1654 commode
584 1593 656 1654 illud
682 1595 801 1670 quidem
829 1599 995 1670 temporum
1023 1588 1242 1671 opportunitate
1263 1591 1328 1652 fieri

237 1699 330 1775 possit
360 1718 398 1761 nc
427 1700 610 1777 temporibus
641 1701 834 1777 iniquioribus
868 1683 1118 1776 adquiescendum
1148 1697 1204 1760 sibi
1237 1697 1327 1758 sitin

236 1821 310 1880 pace
331 1823 409 1881 quac
430 1805 525 1868 minus
546 1806 585 1866 sit
605 1823 644 1866 ex
664 1807 796 1884 ipsorum
816 1810 886 1866 uoto
908 1809 938 1866 et
959 1799 1149 1866 sententia⁵⁰.

335 1912 399 1972 Iam
420 1911 499 1971 illam
524 1912 694 1974 comoediae
720 1916 898 1974 sententiam
928 1910 1142 1987 Aristophanes
1173 1909 1204 1968 in
1235 1909 1328 1971 tribus

237 2019 286 2078 uel
306 2018 435 2078 maxime
455 2018 574 2079 fabulae
595 2018 729 2095 personis
759 2019 914 2094 insigniter
940 1995 1094 2095 descripsit
1120 2020 1210 2093 atquc
1237 2017 1328 2093 expli-

237 2123 324 2184 cauit.
348 2123 396 2183 Ita
416 2123 495 2186 enim
515 2123 570 2184 has
590 2142 733 2202 personas
756 2123 872 2186 induxit
900 2127 933 2184 ut
962 2139 1065 2184 earum
1092 2139 1327 2199 unamquamque

236 2229 444 2306 suscipientem
465 2229 578 2292 faceret
597 2247 717 2291 causam
738 2229 870 2290 uniuersi
883 2227 1195 2292 cuiusdamhominum
1209 2229 1328 2306 generis

236 2337 286 2396 uel
306 2335 404 2412 potins
425 2335 533 2396 ciuium
553 2336 705 2398 factionis:
726 2355 786 2413 qno
807 2337 886 2396 facto
907 2333 1054 2414 quomodo
1076 2333 1115 2395 ad
1126 2334 1193 2394 illas
1209 2334 1328 2410 quidem

235 2459 378 2518 personas
408 2447 440 2503 et
469 2444 580 2506 bellum
610 2448 641 2504 et
665 2461 726 2520 pax
746 2444 930 2520 pertinerent
954 2461 1021 2504 cum
1042 2441 1191 2518 elegantia
1212 2444 1243 2500 et
1263 2444 1327 2500 arte

236 2548 407 2610 declararit.

335 2653 435 2734 Atque
465 2655 509 2716 ita
539 2675 599 2734 pax
630 2661 758 2734 quantos
788 2656 900 2718 tructus
936 2655 1014 2718 ferat
1042 2656 1074 2715 in
1107 2653 1327 2732 Dicaecpolida

235 2759 345 2820 bellum
372 2767 500 2838 quanta.
516 2763 594 2822 mala
623 2762 739 2825 adferat
767 2763 798 2822 in
830 2763 988 2841 Lamacho,
1025 2762 1172 2840 quomodo
1203 2761 1328 2838 pruden-

234 2866 347 2926 tissimo
367 2868 474 2944 cuique
488 2868 685 2946 agnoscenda
705 2869 808 2945 ntique
829 2869 868 2930 sit
895 2869 1057 2930 necessitas
1082 2868 1164 2947 pacis
1184 2867 1215 2926 in
1236 2866 1326 2926 choro

235 2970 469 3034 Acharnensium
490 2992 594 3036 senum
615 2975 754 3050 cognosci
772 2975 851 3035 licet.

333 3081 380 3138 Ex
400 3081 507 3157 quibus
527 3079 715 3158 Dicaecpolis
736 3097 825 3156 quem
844 3080 909 3157 ipsc
931 3080 1049 3140 nominc
1069 3079 1159 3140 talem
1181 3095 1247 3138 esse
1261 3077 1325 3138 Ari·

235 3183 411 3260 stephanos,
424 3184 578 3262 descripsit
606 3186 657 3263 qui
684 3181 788 3246 nihil⁵1
814 3185 871 3246 nisi
899 3187 978 3248 iusta
1006 3186 1037 3245 in
1067 3185 1187 3245 ciuitate
1214 3183 1327 3244 institui

236 3291 327 3350 uellet
347 3294 381 3350 ut
401 3291 539 3368 princeps
562 3296 606 3353 est
627 3310 726 3354 rerum
746 3292 777 3352 in
798 3291 899 3354 tabula
928 3291 1126 3369 gerendarum
1153 3287 1197 3350 ita
1216 3289 1326 3366 primas

235 3395 308 3470 agit.
330 3392 389 3468 Qui
410 3400 439 3456 et
460 3413 534 3456 sana
553 3400 652 3458 mente
673 3398 890 3475 prudentiaque
912 3402 943 3458 et
952 3398 1118 3458 Atticorum
1139 3395 1327 3472 antiquorum

235 3501 353 3576 ingenio
374 3501 526 3580 praeditus
539 3502 632 3578 ipsius
641 3507 751 3579 poetae
765 3503 888 3564 consilia
898 3521 932 3564 ac
946 3503 1110 3564 sententias
1124 3500 1162 3562 de
1176 3501 1327 3578 republica

235 3607 369 3684 gerenda
389 3607 531 3674 defendit.
573 3606 671 3682 Quid?
698 3609 777 3686 quod
808 3609 955 3670 nonnullis
982 3609 1054 3670 locis
1074 3625 1195 3686 prorsus
1214 3608 1327 3668 Aristo·

234 3714 340 3792 phanis
361 3713 411 3774 uel
432 3711 594 3775 callistrati
614 3715 678 3774 uice
700 3713 834 3790 fungitur
850 3733 928 3792 quae
950 3715 992 3776 illi
1021 3715 1191 3776 euenissent
1216 3713 1326 3774 Gleone

233 3821 367 3899 inprimis
387 3825 507 3882 auctore
529 3849 567 3864 ·-
589 3837 626 3882 ea
646 3820 711 3899 ipsc
732 3821 817 3897 quasi
838 3819 875 3882 dc
896 3839 929 3882 sc
949 3819 1110 3899 protessus.

333 4064 358 4104 ⁵⁰
375 4059 447 4116 Aah.
465 4057 540 4117 1020.

331 4149 357 4186 ⁸¹
374 4145 444 4201 Ach.
460 4145 513 4202 500
529 4160 587 4214 aeq.
604 4147 655 4202 661
674 4161 715 4216 sq.
