3120 4816
709 385 912 450 ..42-

271 557 389 618 nienses
406 561 437 618 et
449 555 583 616 homiues
604 555 653 615 isti
674 571 748 632 quos
768 554 799 614 in
820 553 927 614 fabulis
948 552 1009 612 suis
1023 550 1181 628 Euripides
1200 551 1365 612 induxisset

271 662 448 738 grauissima
480 662 578 721 omnia
605 658 800 720 fundamenta
830 659 860 719 in
888 659 995 735 quibus
1027 659 1107 718 salus
1139 656 1239 734 populi
1268 656 1365 733 posita

272 771 352 827 esset
378 771 410 828 ut
430 769 542 844 patrios
569 783 666 828 mores
695 766 830 827 instituta
857 765 1015 841 religiones
1045 764 1187 824 audacter
1216 768 1247 824 et
1273 764 1365 840 impu-

272 873 377 933 denter
397 876 605 950 perturbtrent
624 891 659 932 ac
671 871 882 949 propemodum
903 871 1035 932 funditus
1049 873 1221 932 euerterent
1233 869 1365 947 inprimis

272 977 485 1056 Aristophanes
506 998 560 1056 per
580 978 735 1038 ridiculum
757 974 927 1038 detorsit.⁶⁴

370 1087 417 1146 Ex
437 1086 544 1162 quibus
566 1086 699 1147 omnihus
719 1084 806 1145 facile
831 1086 959 1162 denique
980 1101 1125 1162 apparere
1147 1083 1218 1142 mihi
1248 1080 1366 1143 uidetur

272 1209 467 1268 quaecunque
489 1191 517 1249 in
540 1190 780 1251 Acharnensihus
807 1190 932 1252 facetius
953 1188 1119 1266 significent
1138 1186 1309 1266 Euripidem
1330 1205 1367 1247 ea

273 1299 355 1357 nullo
375 1295 461 1358 modo
481 1300 586 1356 contra
606 1296 759 1356 consilium
780 1296 878 1357 facere
899 1295 1016 1357 fabulae
1035 1295 1067 1355 in
1080 1312 1140 1371 qua
1153 1293 1367 1371 Aristophanes

273 1395 305 1462 id
330 1402 425 1478 egerit
445 1406 478 1462 ut
499 1401 695 1462 communium
718 1406 884 1478 temporum
905 1401 1004 1461 studia
1034 1405 1173 1478 artesque
1194 1419 1282 1476 quam
1310 1401 1369 1459 sint

274 1525 367 1585 praua
395 1507 485 1567 noxia
510 1507 611 1566 inania
639 1507 725 1582 quasi
752 1507 915 1568 manifestis
940 1507 1124 1567 documentis
1149 1506 1255 1566 doceat
1278 1511 1368 1582 atque

276 1615 430 1691 exprimat.
473 1613 551 1672 Nam
572 1630 678 1690 reapse
699 1613 729 1672 in
750 1612 989 1675 Achemensibus
1008 1611 1224 1688 Aristophanes
1244 1629 1303 1671 non
1324 1629 1368 1670 so-

275 1721 335 1778 lum
355 1720 464 1779 bellum
485 1735 621 1794 quaeque
650 1719 788 1780 continuo
813 1720 922 1779 beilum
950 1723 1053 1780 secuta
1082 1722 1182 1778 essent
1202 1717 1256 1777 sed
1276 1716 1367 1776 multo

275 1827 370 1902 magis
403 1826 572 1887 uniuersam
606 1843 720 1885 morum
752 1829 783 1885 et
814 1825 925 1901 ingenii
955 1824 1190 1886 immutationem
1219 1822 1369 1883 hominum

275 1933 471 1994 recentiorum
492 1931 651 2008 adgressus
673 1936 728 1992 est.

375 2037 474 2114 Atque
494 2039 551 2100 hoc
571 2040 635 2098 loco
656 2039 808 2099 commode
837 2037 903 2098 finis
931 2037 1084 2098 faciendus
1108 2036 1165 2098 fuit
1184 2037 1254 2096 huic
1274 2034 1370 2111 dispu-

276 2144 381 2205 tationi
402 2145 459 2204 nisi
479 2162 570 2205 unum
591 2144 749 2204 restitisset
774 2144 857 2204 cuius
882 2143 1061 2204 mentionem
1081 2147 1196 2204 tantum
1216 2142 1370 2202 incohasse

277 2269 324 2310 me
344 2250 504 2325 paeniteat.
542 2249 640 2323 Quare
661 2249 793 2311 breuiter
815 2248 885 2309 mihi
906 2249 1062 2310 dicendum
1084 2267 1149 2310 esse
1170 2247 1261 2309 statui
1282 2251 1313 2308 et
1333 2247 1370 2306 de

277 2360 413 2432 tempore
436 2359 466 2416 et
488 2356 525 2416 de
546 2357 610 2416 loco
631 2373 730 2416 rerum
752 2354 783 2413 in
804 2353 1043 2415 Acharnensibus
1064 2360 1224 2430 gestarum.

377 2461 424 2522 Sic
445 2466 545 2522 antem
567 2461 703 2522 existimo
724 2465 818 2521 totam
838 2461 955 2522 fabulae
977 2460 1123 2520 actionem
1139 2461 1217 2520 intra
1230 2459 1372 2520 terminos

277 2567 365 2627 unius
385 2567 526 2644 temporis
547 2572 636 2644 atque
658 2566 789 2628 eiusdem
809 2567 868 2626 loci
890 2565 1043 2627 contineri.

378 2675 439 2733 Res
460 2674 539 2733 enim
559 2673 643 2734 fictas
671 2673 790 2734 fabulae
819 2690 896 2749 quae
917 2689 949 2732 re
971 2689 1044 2732 uera
1065 2670 1152 2733 docta
1173 2675 1219 2732 est
1239 2671 1372 2731 Lenaeo·

278 2772 379 2839 rum⁶5
401 2779 504 2840 diebus
525 2778 610 2839 festis
631 2778 805 2840 Gamelione
837 2777 907 2838 anni
927 2777 1020 2838 Attici
1048 2795 1150 2838 mense
1176 2777 1300 2855 septimo
1321 2777 1372 2854 qui

278 2886 357 2946 idem
387 2885 451 2945 fere
480 2889 525 2945 est
554 2903 589 2946 ac
620 2885 713 2946 nostri
745 2885 816 2945 anni
844 2883 953 2944 mensis
978 2884 1134 2944 Ianuarius
1159 2883 1374 2960 Aristophanes

279 2996 361 3051 actas
391 2990 486 3051 uoluit
511 2991 767 3052 Authesteriorum
797 2991 902 3052 diebus
931 2991 1016 3053 festis
1044 2989 1275 3050 Authesterione
1303 2988 1373 3046 anni

278 3097 370 3158 Attici
397 3115 497 3158 mense
527 3101 631 3158 octauo
658 3099 709 3174 qui
737 3097 816 3158 idem
842 3097 906 3159 fere
938 3103 984 3159 est
1004 3115 1040 3158 ao
1061 3095 1153 3156 nostri
1174 3094 1245 3155 anni
1265 3093 1374 3154 mensis

280 3203 469 3264 Februarius.
518 3202 662 3278 Dionysia
696 3207 795 3264 autem
830 3203 941 3264 rustica
972 3203 1145 3264 Posideonis
1179 3201 1249 3260 anni
1282 3199 1375 3260 Attici

278 3309 387 3369 mensis
409 3308 486 3369 sexti
508 3309 558 3384 qui
579 3307 658 3368 idem
678 3308 742 3370 fore
764 3312 809 3370 est
830 3327 865 3369 ac
886 3310 979 3370 nostri
999 3311 1069 3368 anni
1089 3308 1198 3368 mensis
1210 3307 1374 3367 December

279 3432 298 3472 a
318 3414 530 3490 Dicaeopoiide
550 3420 584 3475 ut
609 3420 655 3475 est
680 3415 729 3474 ille
754 3433 828 3490 pace
861 3415 948 3476 modo
978 3416 1136 3492 degustata
1161 3411 1246 3490 quasi
1274 3412 1374 3471 furore

278 3520 406 3597 quodam
433 3520 600 3581 sementis
627 3519 743 3580 insania
773 3523 936 3583 concitatus
965 3527 1037 3580 non¹
1050 3521 1127 3582 iusto
1157 3537 1210 3580 suo
1238 3521 1372 3595 tempore

279 3627 476 3688 celebrantur.

377 3733 482 3808 anue
501 3750 601 3793 rerum
622 3733 699 3794 aetio
714 3731 880 3794 continetur
899 3731 1025 3809 denique
1040 3748 1098 3794 uno
1113 3731 1161 3792 die
1176 3730 1371 3792 secundorum

386 3999 410 4037 ⁶*
429 3995 500 4053 Aeh.
520 3996 572 4052 496
590 4010 631 4064 sq.
649 3999 678 4051 et
694 3995 806 4064 passim.

387 4093 411 4130 ει
427 4089 498 4145 Aah.
516 4089 582 4160 hyp.
600 4083 622 4144 1ss
646 4087 691 4144 sn.
715 4087 777 4144 eon.
801 4087 949 4144 seuseu
972 4105 996 4145 ο.
1021 4068 1108 4143 'senon
1132 4085 1169 4142 ef.
1194 4083 1316 4142 soeeun.
1341 4083 1376 4139 ue

279 4176 394 4232 Lenaeis
411 4174 439 4230 in
457 4175 524 4232 diss.
542 4175 596 4233 litt.
615 4176 691 4232 acad.
709 4175 800 4230 Berol.
818 4190 843 4229 a.
863 4173 938 4230 1819.
