3120 4816
606 280 860 398 ſs-o..

223 521 259 562 ao
285 503 403 579 saepius
430 505 567 577 oportere
599 502 679 562 ciues
711 504 790 561 omni
819 502 937 578 proprio
970 502 1090 561 arbitrio
1122 501 1313 576 omnibusque

223 608 430 685 cupiditatibus
464 609 586 668 abiectis
618 607 764 668 constanti
799 609 895 668 animo
929 609 1020 668 solam
1053 601 1314 682 sequi²2auot01·i-
1414 683 1418 688 1

221 699 315 773 tatem
334 715 433 790 legum
455 719 485 774 et
507 733 618 774 morum
639 715 781 774 maiorum
810 714 860 790 qui
886 713 1045 775 communis
1071 714 1185 790 patriae
1214 731 1313 772 amoro

221 819 334 880 incensi
365 821 425 880 suis
452 820 610 881 commodis
637 819 870 890 utilitatibusque
900 837 1041 879 summam
1067 819 1248 897 reipublicae
1270 836 1312 878 sa-

221 927 312 984 lutern
333 925 478 1002 potiorem
499 925 679 986 habuissent.
723 925 821 997 Quare
849 943 997 1002 opponere
1026 926 1098 985 libet
1126 925 1313 999 antiquorum

159 1005 173 1030 ⁸
221 1035 384 1107 temporum
399 1033 489 1092 robur
510 1036 599 1107 atque
630 1031 831 1107 integritatem
863 1048 934 1091 suae
963 1018 1069 1090 aetatis
1100 1031 1262 1090 infirmitati
1283 1035 1313 1090 et

221 1137 282 1196 labi
302 1137 475 1214 lenibusque
497 1143 528 1198 et
547 1139 661 1198 miseris
682 1139 855 1213 aequalibus
872 1139 922 1213 qui
938 1137 1071 1196 omnibus
1086 1137 1313 1213 cogitationibus

222 1243 252 1302 in
273 1261 321 1302 res
342 1243 518 1302 humillimas
539 1248 628 1319 atquc
658 1248 842 1319 contemptas
871 1242 994 1303 abiectis
1022 1242 1094 1300 nihil
1120 1243 1212 1301 altum
1240 1242 1312 1300 nihil

223 1347 409 1424 magnificum
436 1367 471 1408 ao
501 1350 631 1410 diuinum
662 1351 810 1428 suspicere
840 1353 962 1426 possent
991 1378 1030 1390 -
1059 1366 1217 1424 garmanos
1246 1347 1312 1408 illos

219 1454 425 1532 perfectosque
466 1455 596 1516 Graecos
632 1457 682 1532 qui
714 1456 793 1533 apud
828 1455 1032 1516 Marathonem
1063 1473 1126 1513 rem
1160 1455 1311 1530 praeclaro

220 1561 389 1638 gessissent,
412 1562 531 1622 eosdem
562 1563 628 1622 illos
654 1581 672 1621 a
698 1564 804 1639 quibus
825 1568 989 1623 ceterorum
1016 1561 1195 1622 Graecorum
1216 1561 1310 1620 fortis-

219 1665 307 1726 simos
327 1667 405 1726 uiros
428 1667 569 1726 educatos
591 1686 656 1728 csse
677 1670 761 1727 Plato
783 1667 944 1744 praedicat.

318 1771 492 1849 Quanquam
513 1774 585 1850 quid
606 1793 679 1851 opus
701 1779 745 1834 est
759 1773 917 1851 pluribus?
959 1773 995 1831 ld
1016 1772 1078 1848 egit
1094 1771 1310 1848 Aristophanes

218 1882 250 1937 ut
272 1879 308 1938 de
331 1879 458 1938 omnium
478 1897 577 1954 rerum
600 1883 630 1939 et
649 1881 831 1956 priuatarum
853 1883 882 1939 et
896 1879 1078 1956 publicarum
1092 1879 1310 1938 condicionibus

216 1985 308 2046 libere
330 1990 419 2062 atquc
440 1986 567 2061 ingenue
588 1986 721 2046 iudicans
741 1987 772 2044 in
794 1987 951 2046 comoediis
972 1986 1032 2045 suis
1054 1986 1221 2046 unirrcrsam
1235 2003 1309 2044 rom-

216 2091 361 2166 publicam
389 2091 474 2167 quasi
508 2092 598 2150 oculis
620 2097 815 2168 spectantium
836 2091 994 2152 subiceret.
1031 2090 1117 2164 Quod
1138 2091 1308 2150 uniuersum

217 2201 249 2255 ut
271 2197 312 2256 ita
332 2199 425 2258 dicam
447 2199 546 2274 poesis
574 2216 644 2258 suaa
673 2199 826 2258 consilinm
858 2199 914 2257 atsi
935 2199 965 2256 in
986 2199 1051 2257 aliis
1072 2196 1229 2258 comoediis
1250 2197 1307 2255 alio
1403 2252 1406 2261 ,

216 2303 301 2362 modo
323 2304 490 2364 adsecutus·
503 2309 548 2363 est
568 2307 666 2364 tamen
688 2304 751 2363 siue
773 2323 810 2363 ex
831 2305 895 2380 ipsa
916 2305 1067 2379 republica
1091 2303 1181 2362 alacri
1209 2303 1306 2362 animo

217 2411 246 2465 et
267 2409 461 2469 audacissima
486 2409 593 2470 fiducia
624 2411 764 2485 plurimas
794 2411 951 2485 uariasque
984 2427 1032 2468 res
1059 2408 1221 2486 desumpsit
1243 2408 1306 2469 siue

216 2515 392 2575 facetissime
414 2517 476 2593 ipse
498 2534 596 2576 rerum
617 2516 802 2576 condiciones
823 2515 936 2575 inuenit
958 2545 996 2556 -
1017 2517 1116 2592 omnia
1138 2533 1254 2593 semper
1276 2515 1306 2572 in

218 2621 269 2680 illo
291 2623 410 2697 quidem
431 2623 550 2682 oonsilio
571 2623 668 2698 posita
690 2629 783 2682 erant.

315 2729 380 2788 Hoc
391 2735 491 2788 autam
502 2729 654 2788 consilium
663 2745 747 2788 suurn
756 2730 967 2806 Aristophanes
977 2729 1007 2788 in
1016 2729 1138 2804 singulis
1149 2727 1306 2788 comoediis

219 2834 261 2892 ita
283 2837 328 2892 est
349 2839 506 2896 exsecutus
527 2840 559 2895 ut
580 2853 669 2894 unam
690 2854 728 2895 cx
748 2837 838 2896 rebus
857 2836 982 2912 priuatis
1009 2836 1170 2909 publicisne
1192 2839 1223 2895 ct
1244 2853 1305 2894 cor-

215 2939 413 3015 ruptissimam
435 2946 465 3001 et
486 2942 691 3016 grauissimam
705 2942 823 3002 fabulae
838 2943 923 3018 quasi
937 2946 1142 3018 argumentum
1157 2919 1305 3003 subiceret

218 3047 295 3106 unde
337 3063 442 3106 causas
487 3051 637 3122 repeteret
684 3047 840 3109 uniuersae
886 3049 1064 3124 reipublicae
1106 3051 1198 3110 libere
1239 3067 1303 3126 pcr-

214 3152 413 3228 stringendae.

310 3260 409 3335 Atque
430 3260 473 3319 ita
494 3260 715 3322 Dactalensium
727 3255 753 3300 ²³
773 3259 892 3322 fabulae
914 3268 1119 3337 argumentum
1139 3263 1301 3323 iuuentutis

212 3366 305 3424 uoluit
335 3365 546 3426 institutionem
578 3385 658 3426 csse:
692 3368 722 3426 id
755 3369 834 3443 quod
864 3369 991 3428 maxime
1026 3370 1176 3446 proprium
1211 3369 1301 3430 fuisse

211 3471 327 3531 iuuenis
356 3451 463 3548 potitae
490 3473 611 3533 uixdum
644 3492 682 3533 ex
712 3475 875 3534 scholarum
902 3476 1077 3535 umbraculis
1099 3477 1211 3552 egressi
1232 3477 1302 3535 mihi

211 3578 330 3654 quidem
351 3577 475 3639 uidetur.

428 3749 457 3758 -ι

309 3855 331 3888 2²
349 3850 400 3919 Eq.
419 3853 478 3908 565.
500 3853 571 3907 1387.
591 3853 662 3909 Nub.
682 3855 738 3908 961.
758 3857 826 3910 [tan.
851 3853 910 3911 trs.
936 3859 995 3912 tat.
1021 3858 1093 3914 1015.
1123 3861 1197 3914 1025.
1222 3861 1298 3917 1072.

210 3941 237 3989 et
255 3937 366 4002 passim.
384 3937 418 3992 cl.
436 3939 574 4006 Tagcnist.
593 3938 626 3993 fr.

309 4025 331 4062 ²³
350 4023 419 4078 Nub.
438 4023 489 4078 527
506 4038 548 4092 sq.
568 4025 642 4079 1172.
662 4041 685 4080 c.
710 4025 799 4082 Schol.
826 4027 861 4081 cf.
885 4045 962 4083 anon.
987 4031 1022 4086 de
1040 4047 1108 4088 com.
1133 4033 1154 4086 I.
1173 4049 1200 4101 p.
1219 4033 1298 4089 Vlll.

209 4121 252 4174 ap.
272 4107 366 4177 Bergk
384 4109 446 4164 coll.
464 4110 548 4178 Vesp.
566 4110 600 4164 56
612 4126 653 4179 sq.
