3120 4816
671 375 874 438 ..25-

331 549 370 606 Et
390 551 563 624 apportatur
582 544 747 606 Lamachus
774 545 938 604 lamentans
965 545 1088 605 uulnera
1116 542 1319 617 medicumque

233 657 384 730 expetens.
427 654 463 712 Ei
484 671 556 712 uero
578 651 695 713 obuiam
721 649 817 711 factus
837 649 1024 725 Dicaeopolis
1052 649 1103 725 qui
1128 650 1204 710 bene
1233 652 1321 726 potus

232 777 250 817 a
276 759 389 819 duabus
418 758 621 818 meretricibus
652 757 813 816 sustinetur
843 756 1035 816 uehementer
1063 755 1179 815 inridet.
1221 754 1320 830 Atque

232 883 295 925 cum
317 859 411 924 uictor
431 863 599 924 certaminis
625 861 745 923 bibendi
772 863 900 921 eraserit
925 861 1079 937 adsumpto
1101 861 1163 920 uini
1183 865 1249 920 utre
1270 860 1319 920 Di-

232 970 378 1046 oaeopolis
405 969 567 1046 triumphat
594 967 683 1028 choro
705 986 771 1028 eum
793 972 881 1028 cantu
901 968 1062 1027 laetissimo
1084 967 1122 1024 ad
1142 966 1320 1026 lautissimas

232 1076 332 1152 epulas
364 1079 571 1152 prosequente.
614 1073 779 1133 Lamachus
812 1091 884 1133 uero
924 1073 1037 1132 eiulans
1077 1076 1144 1148 post
1183 1089 1320 1148 pompam

231 1183 399 1242 sollemneni
420 1183 460 1242 ad
480 1183 620 1242 Pittalum
641 1180 785 1240 medicum
806 1183 950 1256 portatur.
974 1211 1013 1220 -

328 1501 411 1560 Haec
436 1499 500 1560 fere
527 1504 595 1559 sunt
623 1517 699 1576 quae
722 1497 934 1576 Aristophanes
963 1500 994 1558 in
1014 1497 1247 1559 Acharnenslum
1273 1485 1358 1557 oo·

230 1604 346 1666 moedia
377 1623 490 1666 summa
522 1610 552 1666 et
579 1609 714 1668 ubertate
742 1605 853 1682 ingenii
882 1609 912 1664 et
939 1603 1088 1664 hilaritate
1121 1601 1319 1680 copiosissime

230 1713 368 1772 tractauit
394 1730 518 1790 quorum
545 1713 665 1790 propria
693 1713 810 1788 quidem
837 1711 933 1772 forma
953 1729 988 1770 ac
1009 1710 1123 1788 species
1143 1714 1176 1770 ut
1197 1710 1319 1769 anobis

230 1818 279 1877 illa
299 1823 368 1878 sunt
387 1818 563 1880 adumbrata
582 1819 669 1879 ualde
692 1823 737 1880 est
759 1817 921 1882 imminuta.

327 1925 415 1984 Nunc
443 1943 514 1985 uero
530 1926 568 1984 ‘si
587 1927 685 2002 placet
716 1925 868 1985 uideamus
897 1923 968 2000 quid
997 1927 1115 1984 secutos
1143 1923 1181 1982 sit
1206 1921 1317 1982 Aristo-

228 2029 340 2106 phanes
361 2031 391 2090 in
411 2031 467 2091 hac
486 2031 596 2091 fabula.

327 2136 371 2196 Ac
391 2138 518 2214 primurn
540 2138 657 2214 quidem
678 2137 758 2214 quod
779 2155 922 2198 summurn
937 2137 993 2197 fuit
1007 2135 1212 2211 Aristophanis
1228 2139 1317 2211 atque

229 2260 319 2302 unum
348 2243 484 2319 idemque
514 2245 544 2304 in
565 2245 698 2304 omuibus
727 2243 885 2304 comoediis
916 2227 1067 2304 consilium
1096 2247 1129 2302 ut
1150 2242 1317 2302 uniuersam

229 2349 438 2423 rempublicam
459 2350 669 2410 Atheniensem
697 2351 735 2428 ad
762 2350 861 2410 iudicii
892 2349 1081 2410 seueritatem
1107 2352 1261 2408 reuocaret
1287 2348 1318 2412 id

231 2453 319 2514 ctiam
339 2455 378 2513 ad
397 2455 631 2516 Acharnensium
651 2455 780 2517 fabulam
805 2457 954 2532 pertinere
981 2455 1047 2531 quis
1067 2459 1114 2514 est
1135 2454 1186 2531 qui
1205 2449 1318 2529 neget?

328 2559 464 2621 Ostendit
496 2561 573 2621 enim
604 2562 635 2620 in
665 2561 721 2622 hac
751 2562 852 2622 fabula
880 2562 1094 2638 Aristophanes
1126 2561 1214 2637 idque
1246 2578 1318 2620 sane

228 2665 455 2725 luculentissime
488 2667 632 2743 quomodo
664 2668 829 2744 respublica
855 2668 1043 2728 Atheniensis
1071 2686 1148 2745 quae
1177 2667 1216 2727 ad
1242 2686 1331 2736 sum

228 2786 305 2827 mam
335 2787 417 2829 suam
443 2772 607 2847 potentiam
636 2776 726 2846 atque
748 2773 952 2833 auctoritatem
980 2775 1061 2834 nulla
1082 2775 1140 2834 alia
1161 2793 1193 2834 re
1213 2791 1317 2852 perue-

227 2875 319 2935 nisset
346 2876 401 2935 nisi
429 2877 614 2952 antiquorum
644 2877 794 2938 hominum
821 2880 1012 2939 obseruantia
1032 2897 1146 2942 morum
1168 2882 1198 2938 et
1217 2879 1317 2954 legum

228 2982 366 3055 quoniam
395 2984 432 3043 ab
453 2983 567 3043 illorum
593 2984 743 3044 hominum
769 2984 883 3044 ratione
909 2984 1091 3044 discessisset
1117 2984 1146 3042 in
1174 3003 1316 3044 summam

228 3087 356 3147 omnium
375 3107 474 3149 rerum
495 3089 654 3167 perniciem
676 3091 796 3167 delapsa
817 3095 905 3151 esset.
932 3092 1011 3153 Nam
1033 3089 1153 3150 deorum
1173 3090 1315 3178 religione

227 3193 257 3251 in
278 3195 382 3254 animis
403 3194 552 3258 hominum
575 3197 720 3257 exstincta
746 3215 843 3257 mores
872 3215 936 3257 esse
965 3197 1161 3275 deprauatos:
1194 3213 1316 3255 uenera-

226 3301 306 3360 tione
335 3307 434 3362 autem
463 3303 634 3380 pietateque
663 3322 735 3379 erga
762 3303 967 3378 antiquitatem
988 3303 1102 3379 dilapsa
1120 3301 1316 3362 recentiorum

225 3406 376 3468 hominum
403 3427 498 3485 genus
524 3410 614 3469 nimia
635 3409 839 3470 aestimatione
861 3409 905 3469 sui
927 3410 965 3469 ad
986 3409 1207 3468 immoderatam
1227 3407 1314 3468 licen-

225 3513 296 3572 tiam
319 3515 427 3574 elatum
449 3532 524 3574 esse.
547 3517 609 3573 Iam
631 3531 702 3574 uero
723 3516 817 3591 ipsam
838 3514 1046 3591 rempublicam
1069 3531 1087 3572 a
1108 3513 1230 3574 ducibus
1251 3514 1315 3588 regi

226 3619 277 3694 qui
298 3637 330 3679 se
353 3621 497 3681 iactarent
518 3637 596 3681 uana
616 3621 725 3681 uirtute
748 3625 810 3680 cta
830 3621 1006 3681 turbulentis
1027 3621 1139 3681 ciuibus
1160 3620 1210 3697 qui
1231 3637 1316 3679 suum

226 3725 336 3785 luorum
357 3743 484 3800 suasque
505 3727 671 3803 uoluptates
693 3731 846 3803 captarent
867 3727 935 3786 dum
955 3727 1133 3804 reipublicae
1148 3745 1180 3788 se
1195 3744 1314 3804 operam

225 3851 336 3892 nauare
367 3834 547 3894 simularent.
591 3836 690 3894 Verba
720 3834 797 3894 enim
829 3835 879 3894 illa
909 3838 1010 3894 aetate
1042 3851 1101 3894 non
1131 3833 1211 3894 facta
1239 3834 1314 3893 sicut

223 3939 405 4014 temporibus
439 3940 567 4016 antiquis
599 3940 700 4015 magni
727 3940 885 4000 aestimari.
927 3941 1027 4017 Atque
1056 3941 1106 4000 illa
1129 3939 1312 4000 simulatione

225 4049 254 4104 et
275 4045 355 4106 inani
382 4046 578 4107 ostentatione
607 4046 691 4122 quasi
726 4047 804 4105 mala
840 4048 939 4123 aliqua
969 4048 1017 4107 lue
1053 4048 1112 4106 iam
1145 4046 1312 4105 uniuersam

224 4153 434 4230 rempublicam
460 4151 672 4214 Atheniensem
703 4157 869 4230 corruptam
901 4171 976 4215 esse.
1020 4153 1085 4228 Qua
1119 4170 1222 4214 sensus
1253 4171 1312 4213 mo-
