3120 4816
640 365 842 427 ...43-

200 532 456 594 Anthesteriorum
478 551 554 611 quae
576 533 672 592 Ohoes
691 536 835 592 uocantur
854 531 923 592 inde
944 551 964 592 1
981 537 1115 607 tempore
1136 531 1291 592 antemeri-

197 639 286 699 diano
306 657 401 715 usque
422 639 461 698 ad
480 656 572 700 cenae
592 644 719 715 tempus.
1175 641 1176 646 ’

296 745 360 805 111
380 763 452 807 uero
473 747 554 806 lucus
566 739 592 784 ⁶⁶
613 745 663 806 uhi
684 744 804 805 fabulae
832 762 880 805 res
911 749 1041 821 aguntur
1069 748 1214 822 perpetue
1245 747 1290 802 est

198 852 323 913 Athenis
350 853 449 929 speeie
477 853 637 912 ornationis
664 869 789 912 scaenae
816 867 972 929 nunquam
995 855 1109 912 mutata
1134 851 1191 910 nisi
1211 849 1291 927 quod

198 976 264 1018 cum
295 960 326 1018 in
359 959 508 1036 Euripidis
542 957 660 1019 demum
691 958 844 1034 inspicitur·
878 956 958 1034 quod
991 962 1100 1018 uocant
1134 955 1290 1031 ἐκκύκλημα
1343 1005 1349 1014 „

200 1063 340 1140 aperitur.
352 1059 380 1103 ⁶⁷

296 1167 395 1246 Atque
422 1171 504 1230 initio
535 1168 654 1246 quidem
681 1168 801 1230 fabulae
829 1169 893 1229 sine
922 1168 1011 1229 dubie
1037 1185 1145 1229 scaena
1164 1167 1291 1228 Athenis

200 1275 298 1335 estin
319 1293 426 1352 pnyce.
469 1275 546 1334 Turn
567 1277 667 1335 autem
686 1291 735 1333 res
756 1278 886 1351 aguntur
913 1278 981 1334 ante
1003 1273 1220 1350 Dicaeepelidis
1241 1272 1291 1332 do·

198 1399 281 1441 mum
301 1399 378 1458 quae
397 1385 431 1440 nt
452 1380 516 1440 eius
543 1379 594 1455 qui
621 1379 732 1458 primas
761 1380 824 1456 agit
850 1379 881 1439 in
901 1378 998 1439 medin
1025 1396 1150 1440 scaenae
1175 1377 1291 1455 pariete

197 1487 254 1548 sita
274 1491 330 1547 est.
373 1484 469 1559 Quam
490 1485 608 1547 domum
629 1485 659 1545 in
679 1487 753 1546 urbe
773 1486 839 1562 ipsa
859 1503 926 1546 esse
940 1503 959 1544 a
970 1503 1067 1562 pnyce
1088 1484 1169 1546 haud
1188 1485 1290 1560 procul

199 1591 356 1652 distantem
377 1591 603 1668 Aristophanem
624 1591 754 1651 uoluisse
776 1593 882 1650 statuo.

296 1697 375 1756 Nam
396 1714 473 1773 quae
494 1697 625 1757 celebrat
645 1675 832 1772 Dicaeopelis
853 1695 996 1771 Dionysia
1024 1697 1135 1757 rustica
1162 1697 1193 1755 in
1217 1714 1289 1774 agre

196 1803 245 1862 illa
266 1806 336 1863 ante
356 1801 457 1862 uillam
477 1801 694 1878 Dicaeopolidis
715 1800 780 1860 fieri
794 1801 950 1877 quominus
962 1789 1181 1877 putemus'cum
1195 1805 1290 1864 uerba

196 1913 304 1984 poetae
331 1913 395 1969 tum
420 1925 468 1968 res
492 1907 575 1986 ipsae
596 1905 793 1984 refragantur.
836 1906 929 1968 Immo
951 1925 1022 1967 uero
1044 1911 1078 1966 ut
1099 1908 1195 1968 alieno
1216 1913 1289 1969 tem-

194 2032 268 2091 pore
293 2014 336 2080 ita
363 2014 460 2075 alieno
489 2030 607 2091 quoque
635 2013 698 2073 loeo
720 2010 908 2088 Dicaeopolis
929 2013 1074 2090 Dionysia
1100 2016 1232 2076 celebrat
1247 2015 1290 2074 ita

196 2125 230 2180 nt
250 2138 326 2197 quae
346 2137 380 2180 re
401 2137 475 2180 uera
494 2119 525 2178 in
546 2121 619 2180 urbe
640 2120 771 2180 celebrat
792 2137 829 2180 ea
841 2119 873 2178 in
885 2136 964 2196 pago
985 2137 1019 2179 se
1032 2119 1183 2182 celebrare
1204 2121 1289 2197 quasi

198 2227 296 2287 animo
316 2224 489 2303 praecipiat.

296 2330 413 2394 Deinde
434 2312 534 2392 autem
555 2330 654 2407 agitur
674 2335 745 2391 ante
765 2329 913 2408 Euripidis
934 2332 1052 2392 demum
1072 2351 1161 2410 quarn
1182 2353 1202 2393 a
1222 2332 1289 2393 sini·

193 2443 257 2498 stra
284 2442 481 2514 spectatorum
502 2436 542 2496 ad
562 2437 697 2498 dextram
717 2435 821 2496 domus
842 2438 1060 2514 Dicaeopolidis
1085 2437 1173 2499 sitam
1198 2439 1289 2500 fuisse

195 2545 322 2605 arbitror
352 2543 395 2604 ita
422 2548 456 2604 ut
476 2542 620 2602 audextra
649 2547 847 2618 spectatorum
878 2547 910 2603 et
929 2562 948 2603 1
968 2544 1087 2604 sinistra
1114 2543 1217 2605 demus
1238 2545 1289 2605 Di-

196 2647 375 2727 eaeopclidis
409 2649 448 2709 ad
482 2650 585 2709 urbem
618 2666 723 2710 uersus
752 2647 894 2709 Lamachi
928 2649 1031 2710 domus
1064 2655 1289 2728 repraesentata

197 2754 295 2814 luerit.
332 2755 397 2814 Hoc
418 2754 495 2814 enim
515 2754 603 2814 mode
624 2753 758 2816 domibus
778 2754 835 2815 illis
856 2755 1022 2817 constitutis
1042 2756 1179 2817 facillime
1200 2757 1288 2818 effici·

195 2865 243 2919 tur
272 2865 303 2921 et
334 2865 367 2921 ut
392 2859 542 2937 Euripidis
572 2861 677 2920 domus
708 2878 727 2919 1
755 2861 844 2921 chero
873 2861 904 2920 in
936 2862 1116 2923 orchestram
1144 2863 1289 2924 adextra

197 2968 397 3042 spectatorum
415 2970 502 3044 parte
522 2967 657 3044 ingresso
678 2967 783 3027 abesse
803 2967 915 3043 aliquid
935 2968 1073 3028 uideatur
1094 2974 1124 3029 et
1137 2973 1170 3030 ut
1183 2970 1288 3031 Dicae·

195 3072 288 3148 0pclis
309 3076 400 3148 atque
414 3072 580 3133 Lamachus
600 3071 631 3132 in
651 3070 784 3134 diuersas
804 3077 905 3148 partes
927 3075 1070 3134 abeuntes
1085 3078 1115 3134 et
1129 3093 1147 3133 a
1162 3075 1287 3135 diuersis

193 3178 327 3253 partibas
351 3178 510 3239 redeuntes
530 3178 561 3237 in
581 3177 679 3239 medio
708 3178 882 3255 proscaenio
907 3179 1025 3239 obuiam
1045 3179 1101 3240 sibi
1121 3180 1194 3240 fiant
1214 3199 1287 3242 sane

193 3283 274 3346 haud
293 3303 399 3362 parum
420 3289 508 3347 aucta
527 3285 686 3346 hilaritate.

291 3393 331 3452 Et
349 3390 482 3468 profecto
502 3391 553 3468 qui
575 3391 780 3453 existimarunt
800 3391 903 3453 domus
924 3393 1073 3470 Euripidis
1086 3391 1287 3470 Lamachique

193 3496 420 3558 clarissimorum
448 3498 579 3558 uirorum
611 3515 735 3575 quorum
764 3496 867 3558 demus
896 3515 1134 3575 unumquemque
1161 3499 1287 3562 Athenis

194 3581 368 3678 cognouisse
396 3603 638 3664 uerisimihimum
663 3608 709 3664 est
737 3607 826 3679 atque
855 3603 953 3663 forum
980 3604 1054 3664 illud
1080 3606 1287 3666 mercatoriam

194 3726 213 3767 1
233 3708 444 3787 Dicaeopolide
464 3704 693 3770 111111111168
713 3709 743 3768 in
763 3725 842 3786 pago
868 3710 970 3786 aliquo·
994 3708 1087 3770 fuisse
1113 3713 1162 3773 uel
1182 3714 1286 3774 Dicae-

292 3897 317 3936 61
334 3895 455 3952 Boeekh.
468 3895 487 3950 l.
500 3896 518 3950 l.
531 3911 558 3966 p.
570 3896 613 3950 93.
632 3895 756 3966 esppert
768 3895 794 3951 d.
808 3895 964 3964 alt-grieeh.
982 3895 1085 3954 Bithue.
1104 3897 1198 3969 Leipa.
1209 3901 1285 3956 1843.

193 3979 370 4036 Schoenbern
387 3981 414 4036 d.
432 3979 481 4036 Sk.
499 3981 526 4038 d.
544 3981 591 4038 Gr.
609 3981 676 4051 Lpn.
696 3981 817 4051 reeerp.
835 3983 895 4038 307.

295 4068 319 4106 θ’
337 4065 409 4121 Ach.
426 4065 486 4122 408.

177 4167 180 4174 ·
292 4152 315 4192 ⁶⁸
332 4150 1136 4223 111111111111111111111111.1117131111.131112
1150 4157 1283 4224 pacesq.
