3120 4816
682 363 885 427 -34-

245 549 350 594 causas
370 533 501 609 prolatas
532 549 631 592 coram
662 532 771 610 populo
792 530 824 590 iu
843 529 993 590 theatrum
1013 533 1195 605 congregata
1215 546 1275 588 non
1296 529 1338 587 ita

246 639 349 700 utilem
376 655 497 716 operam
523 637 579 699 sibi
608 636 794 714 praebituras
816 653 881 696 esse
902 634 1055 696 intellexit
1077 633 1161 694 Adde
1182 633 1338 710 quodAri·

247 744 406 821 stephanos
420 744 556 820 quamuis
577 743 774 830 admiraretur
792 742 915 802 Periclis
929 741 1080 817 ingenium
1094 746 1184 818 atque
1198 741 1338 801 uirtutem

246 853 346 910 tamen
367 867 426 925 qua
447 854 512 910 erat
532 850 647 910 ratione
670 847 795 909 eundem
817 847 1009 926 reprehendit
1029 847 1110 922 quod
1134 852 1164 907 et
1185 847 1249 924 ipse
1272 863 1337 906 sese

247 955 306 1015 iam
328 959 415 1015 extra
435 956 518 1030 leges
540 955 695 1015 extulisset
710 959 740 1015 et
754 935 949 1015 multitudinis
962 952 1128 1013 dominatus
1142 953 1338 1028 licentiaeque

248 1077 336 1120 uerus
357 1065 436 1122 esset
456 1056 601 1121 auctor⁴⁹.
623 1059 722 1134 Quare
743 1061 790 1120 eui
810 1061 880 1120 uiuo
894 1059 1016 1119 iamalii
1030 1059 1132 1122 comici
1151 1064 1258 1137 pottae
1279 1076 1339 1118 non

246 1172 444 1243 pepercerant
474 1167 556 1226 illum
585 1166 649 1243 ipse
675 1184 792 1243 quoque
821 1167 918 1242 palam
949 1164 1073 1241 adgredi
1101 1183 1161 1225 non
1193 1165 1339 1227 dubitauit

248 1278 338 1350 atque
359 1278 514 1352 poetarum
533 1276 681 1349 potestate
703 1289 773 1332 usus
795 1289 833 1332 ex
854 1273 942 1333 rebus
962 1289 1034 1332 uere
1062 1253 1156 1348 gestis
1183 1272 1276 1332 libero
1298 1271 1339 1330 in-

248 1380 336 1454 genio
357 1397 451 1440 nouas
472 1378 615 1456 quasdam
636 1394 685 1438 res
707 1377 831 1438 effinxit.

347 1511 412 1570 lam
432 1528 504 1570 uero
525 1509 581 1569 hoc
601 1510 709 1569 talibus
731 1508 827 1568 causis
848 1513 982 1569 exortum
1003 1509 1112 1572 bellum
1133 1508 1212 1585 quod
1227 1507 1340 1568 ciuibus

248 1615 321 1674 nihil
342 1615 501 1676 etiamnum
522 1615 579 1674 nisi
601 1615 784 1676 calamitates
804 1613 1024 1690 perniciemque
1053 1615 1185 1675 attulerit
1215 1619 1248 1674 ut
1275 1633 1341 1692 per·

248 1725 368 1781 maneat
388 1722 460 1782 istos
481 1722 531 1781 uel
551 1721 678 1782 maxime
700 1737 821 1798 operam
850 1721 920 1781 dare
942 1721 1157 1798 Aristophanes
1176 1722 1207 1780 in
1228 1721 1341 1781 Achar-

248 1827 382 1888 nensium
403 1828 556 1894 comoedia
575 1827 732 1905 profitetur
761 1827 813 1903 qui
841 1826 991 1887 commode
1019 1845 1051 1888 se
1078 1828 1109 1888 in
1136 1827 1193 1888 hae
1212 1827 1341 1888 omnium

249 1951 348 1993 rerum
376 1935 598 2010 perturbatione
628 1933 805 2011 cupiditates
835 1951 903 1995 suas
935 1934 1104 2012 expleturos
1132 1911 1340 1995 intellexerint.

250 2038 331 2112 Quos
363 2057 429 2100 esse
459 2039 501 2099 ait
528 2040 688 2116 populares
713 2039 779 2099 illos
809 2039 860 2116 qui
887 2040 951 2099 inre
980 2057 1033 2099 suo
1058 2039 1188 2113 timeant
1209 2059 1247 2100 ne
1267 2057 1341 2116 pace

249 2145 412 2222 composita
432 2143 639 2207 auctoritatem
660 2150 690 2205 et
710 2145 874 2222 potentiam
894 2146 1021 2222 perdant
1041 2150 1072 2206 et
1086 2147 1248 2223 permultos
1270 2147 1342 2206 istos

251 2253 374 2312 iuuenes
395 2253 580 2312 turbulentos
600 2269 758 2328 rerumque
779 2269 923 2311 nouarum
944 2251 1091 2312 studiosos
1105 2253 1156 2328 qui
1169 2271 1235 2314 cum
1248 2253 1343 2328 gloria

248 2357 379 2437 praedae
400 2357 582 2434 aliquantum
608 2375 624 2416 e
654 2356 732 2418 bello
760 2375 793 2417 se
814 2359 1016 2432 reportaturos
1039 2375 1105 2417 esse
1126 2363 1255 2434 sperent.
1299 2359 1343 2418 Ac

249 2467 353 2524 contra
378 2463 476 2524 studia
508 2464 633 2524 istorum
661 2462 811 2523 hominum
842 2481 921 2524 uana
951 2469 981 2524 ct
1012 2463 1179 2539 perniciosa
1209 2469 1243 2524 ut
1269 2466 1343 2525 alias

251 2591 368 2651 semper
396 2574 439 2632 ita
467 2572 497 2631 in
527 2577 629 2633 nostra
660 2589 777 2648 quoque
813 2571 915 2633 fabula
947 2572 1160 2648 Aristophanes
1186 2573 1343 2633 uehemen-

250 2679 362 2740 tissime
392 2677 543 2739 contendit
569 2696 624 2737 nec
652 2694 781 2753 unquam
812 2676 944 2738 declarat
974 2695 1079 2754 paoem
1108 2679 1235 2740 obtineri
1254 2697 1342 2755 posse

250 2785 308 2846 nisi
328 2784 384 2844 iilis
406 2802 423 2844 e
444 2785 564 2844 ciuitate
587 2784 697 2844 eiectis.
720 2783 819 2857 Quare
834 2782 962 2845 ostendit
976 2788 1123 2863 quomodo
1137 2805 1203 2849 cum
1216 2790 1343 2866 populus

251 2893 396 2968 imperare
417 2891 474 2953 sibi
494 2890 631 2950 uideatur
651 2910 683 2952 re
705 2909 778 2952 uera
798 2890 879 2952 ciues
900 2892 949 2952 isti
974 2895 1137 2955 turbulenti
1163 2912 1199 2955 ac
1224 2895 1342 2956 facundi

250 2999 360 3075 populo
381 2999 536 3074 imperent.
578 2997 658 3070 Quos
686 2998 813 3058 omnium
840 2999 1058 3060 mendaciorum
1087 3005 1177 3078 atque
1206 3003 1343 3062 calumni-

252 3123 352 3165 carum
372 3107 483 3182 peritos
503 3124 563 3165 non
582 3105 762 3182 reipublicae
785 3108 910 3167 salutem
932 3106 985 3168 sed
1005 3108 1119 3168 lucrum
1140 3125 1224 3168 suum
1243 3113 1273 3168 et
1286 3109 1343 3184 pri·
1369 3181 1374 3190 Ι

252 3218 338 3274 natas
367 3213 511 3272 utilitates
539 3211 632 3288 sequi.
673 3204 723 3271 Ita
754 3229 805 3271 eos
836 3215 867 3270 et
895 3212 975 3287 quod
1004 3213 1041 3273 de
1071 3215 1197 3290 pecunia
1226 3215 1344 3291 publica

253 3318 381 3395 supersit
411 3336 546 3394 quaeque
576 3317 648 3378 socii
672 3316 771 3394 largiti
800 3317 859 3377 sint
888 3318 1005 3378 domum
1035 3337 1119 3380 suam
1148 3325 1285 3382 auertere
1314 3325 1344 3380 et

253 3425 303 3500 qui
325 3423 417 3485 dediti
437 3425 517 3502 ipsos
538 3424 695 3484 adulentur
714 3423 780 3483 illos
802 3423 990 3501 amplissimis
1011 3443 1046 3485 ac
1060 3427 1299 3488 luculentissimis
1314 3426 1344 3485 in

254 3531 403 3607 republica
424 3531 593 3592 muneribus
613 3530 865 3606 allegationibus
895 3535 985 3608 atque
1014 3532 1144 3610 imperiis
1170 3534 1343 3610 praeficere.

253 3636 300 3696 Ab
323 3637 366 3696 eis
386 3636 513 3713 denique
539 3637 591 3713 qui
622 3641 846 3715 corrumpantur
878 3655 896 3697 a
926 3639 1060 3716 partibus
1086 3659 1119 3701 re
1149 3659 1222 3710 uera
1244 3658 1345 3701 omnes

253 3745 321 3803 lites
349 3742 502 3804 diiudicari
523 3747 553 3804 et
574 3744 766 3820 grauissimas
787 3761 889 3804 omnes
915 3745 1116 3822 respublicas
1138 3747 1344 3808 administrari.

259 3849 348 3910 Ciues
375 3853 474 3910 autern
500 3850 623 3911 miseros
653 3869 718 3912 esse
746 3855 960 3928 contentosque
992 3853 1035 3913 eis
1065 3871 1141 3929 qnae
1163 3853 1212 3914 isti
1232 3855 1347 3929 reliqua

353 4151 379 4190 4⁹
396 4150 468 4207 Plat.
489 4149 575 4219 Gorg.
593 4165 620 4220 p.
638 4150 698 4207 515.
718 4166 743 4206 a.
