3120 4816
732 409 932 470 ...14-

289 571 351 628 soro
372 570 459 647 pnyci
479 571 644 648 propinquo
675 573 830 634 leuissimis
862 577 951 636 rebus
981 583 1099 652 tempus
1128 583 1281 638 conterere
1305 575 1369 636 nihil

287 683 424 736 curantes
446 678 475 736 in
498 695 611 738 summa
632 697 686 738 sua
707 681 842 742 socordia
863 681 1009 757 quomodo
1031 701 1091 759 pax
1119 683 1172 744 fiat
1192 682 1370 761 Dicaeopolis

288 783 465 858 indignatur.
488 783 545 856 Qui
567 785 643 846 banc
665 787 829 848 solitudinis
850 789 1101 864 opportunitatem
1118 797 1239 851 secutus
1260 792 1296 852 de
1316 787 1371 850 suis

286 895 316 948 ot
344 887 380 948 do
411 889 589 966 reipublicae
619 893 707 952 rebus
740 893 886 970 copiosius
916 895 1046 971 loquitor
1076 897 1119 956 ita
1148 903 1180 957 ut
1208 899 1308 958 statim
1338 895 1371 954 ab

286 992 368 1054 initio
390 993 507 1056 fabulae
531 1001 666 1056 naturam
688 1003 719 1058 et
739 1017 836 1060 moros
858 999 922 1061 eius
935 1001 1053 1078 penitus
1066 1021 1277 1078 pernoscamus
1291 1019 1373 1079 quem

283 1103 432 1161 auctorem
454 1121 520 1162 osse
543 1121 639 1164 rerum
661 1103 690 1164 in
712 1104 812 1166 fabulo
832 1106 1029 1182 gerendarum
1044 1109 1259 1184 Aristophanes
1275 1109 1374 1170 uoluit.

284 1207 382 1284 Atque
403 1209 592 1284 conqueritur
613 1215 750 1287 corrupta
771 1212 868 1272 omnia
881 1212 910 1270 in
929 1213 1079 1288 republica
1100 1219 1130 1274 et
1151 1215 1236 1289 quasi
1256 1216 1374 1292 perdita

284 1333 349 1374 csso
371 1315 447 1376 bello
475 1316 524 1374 illo
552 1315 668 1374 nefasto
699 1316 780 1390 quod
806 1316 925 1378 dolores
955 1317 1195 1398 innumerabiles,
1225 1339 1377 1400 perpauca

283 1420 392 1494 gaudia
412 1419 553 1480 attulerit.
597 1418 695 1492 Quare
720 1439 786 1481 cum
817 1439 990 1498 persuasum
1012 1424 1068 1484 sibi
1096 1424 1135 1484 sit
1156 1427 1238 1485 nulla
1259 1427 1323 1486 alia
1344 1445 1376 1486 re

283 1526 339 1584 uisi
357 1543 430 1602 paee
452 1525 611 1584 constituta
632 1525 694 1586 fore
716 1532 747 1586 ut
768 1528 893 1603 pristina
914 1527 1037 1588 felicitas
1053 1535 1083 1590 et
1098 1532 1177 1590 salus
1192 1532 1378 1609 reipublicae

282 1630 475 1692 restituantur
495 1637 628 1692 oratores
649 1633 700 1708 qui
722 1651 780 1692 non
802 1633 838 1694 de
860 1651 933 1712 paee
955 1636 1048 1696 uerba
1076 1635 1182 1697 facturi
1204 1637 1262 1696 sint
1284 1639 1378 1699 iuter-

282 1737 434 1813 pellandos
454 1739 509 1799 sibi
533 1740 694 1800 constituit.

386 1843 509 1904 Meridie
539 1844 666 1920 denique
699 1851 857 1922 appetente
892 1854 1034 1924 prytanes
1069 1849 1194 1910 insecuti
1228 1850 1309 1910 ciues
1346 1853 1376 1911 iu

280 1967 406 2026 puycem
427 1955 604 2012 concurrunt
625 1956 656 2012 et
676 1969 736 2011 uua
756 1970 858 2012 omnes
879 1973 987 2030 magno
1001 1954 1113 2031 impetu
1135 1961 1224 2032 atque
1245 1958 1375 2018 tumultu

282 2057 320 2116 ad
340 2059 435 2134 prims
456 2057 597 2119 subsellia
617 2058 767 2119 festinant.

380 2164 443 2222 Iam
464 2182 536 2223 uero
558 2165 694 2224 sollemni
714 2166 872 2242 praeconio
893 2165 977 2227 initio
1000 2168 1183 2229 comitiorum
1204 2170 1282 2230 facto
1303 2170 1371 2228 Am-

279 2269 416 2347 phitheus
438 2270 557 2346 quidam
578 2270 698 2332 aduolat
720 2271 767 2331 eui
786 2272 932 2348 flagitanti
955 2274 1051 2332 contio
1074 2274 1169 2336 datur.
1198 2275 1297 2351 Atque
1320 2276 1370 2334 im-

280 2377 432 2436 mortalem
447 2394 479 2436 se
500 2376 674 2453 praedicans
691 2396 730 2438 ex
751 2377 860 2440 Cerere
882 2384 912 2438 et
933 2379 1116 2456 Triptolemo
1139 2387 1233 2440 ortum
1254 2413 1292 2424 -—
1314 2383 1371 2441 sibi

278 2483 332 2542 soli
354 2483 425 2543 deos
447 2483 489 2541 ait
509 2487 686 2558 potestatem
712 2485 818 2545 fecisse
848 2485 930 2562 pacis
955 2484 1109 2544 faciendae
1131 2504 1196 2546 oum
1217 2487 1368 2546 Lacedae-

278 2589 398 2648 moniis:
421 2608 456 2648 eo
486 2590 580 2665 magis
610 2591 768 2652 dolendum
794 2609 859 2651 esse
889 2591 1029 2651 uiaticum
1049 2590 1130 2665 quod
1150 2591 1214 2665 ipse
1234 2590 1368 2662 quamuis

278 2696 450 2756 immortalis
471 2714 530 2754 non
553 2695 660 2756 lrabeat
683 2715 701 2756 a
722 2697 899 2772 prytanibus
921 2696 976 2757 sibi
1002 2715 1060 2754 non
1089 2695 1189 2752 datum
1211 2711 1286 2754 esse.
1328 2694 1369 2753 At

278 2819 314 2860 ne
336 2819 413 2861 nune
426 2801 553 2877 quidem
574 2801 749 2880 prytauibus
770 2802 808 2861 ad
830 2801 905 2862 alias
925 2819 974 2862 res
998 2799 1205 2860 festinantibus
1226 2801 1368 2876 probatus

277 2908 471 2984 Amphitheus
505 2907 639 2968 lictorum
675 2901 807 2986 [τοξόται]
838 2907 924 2966 minis
956 2905 1111 2966 adducitur
1143 2910 1176 2965 ut
1207 2910 1306 2966 taceat
1329 2939 1366 2948 -

278 3013 487 3089 Dicaeopolide
509 3013 604 3074 frusta
624 3013 836 3074 intercedente.

376 3121 439 3180 Iam
461 3120 538 3180 euim
560 3120 590 3178 in
612 3137 749 3178 scaenam
763 3119 910 3195 prodeunt
925 3119 1040 3182 euocati
1056 3119 1262 3194 aprytanibus
1276 3121 1367 3196 legati

278 3245 352 3304 quos
373 3226 411 3286 ad
432 3227 588 3286 Persarum
608 3243 711 3301 regem
733 3227 771 3286 ab
785 3225 1015 3286 Atheniensibus
1037 3227 1141 3286 missos
1158 3225 1243 3302 fingit
1257 3225 1366 3286 Aristo-

275 3334 388 3410 phanes
408 3349 444 3392 ao
464 3331 624 3408 splendidis
653 3332 786 3391 uestibus
814 3330 909 3391 induti
939 3349 1087 3409 pauonum
1114 3332 1207 3392 instar
1228 3333 1367 3394 incedunt

275 3441 406 3516 plurimis
428 3444 458 3499 et
479 3437 631 3515 magnifice
654 3439 804 3498 exornatis
825 3439 979 3500 comitibus
1000 3439 1231 3516 insequentibus.
1264 3440 1366 3500 Disae-

276 3545 368 3621 opolis
390 3550 489 3606 autom
511 3545 563 3604 tali
590 3544 810 3620 magnificentia
839 3549 868 3604 et
898 3547 1055 3622 splendore
1081 3547 1268 3608 nullomodo
1291 3545 1365 3604 deoi-

274 3653 353 3730 pitur
382 3652 435 3712 sed
461 3652 577 3744 ilmrum
606 3651 740 3712 fraudem
769 3669 804 3711 ao
833 3653 996 3714 uanitatem
1022 3653 1144 3714 ridicule
1171 3654 1304 3736 exagitat
1325 3683 1362 3694 ·-

275 3741 346 3818 isto's
368 3759 525 3833 explorans
546 3775 604 3817 uon
625 3757 711 3817 modo
733 3777 791 3820 non
822 3759 996 3834 impetrasse
1024 3779 1043 3818 a
1063 3778 1135 3836 rege
1157 3759 1236 3836 quod
1255 3760 1364 3835 populo

274 3865 453 3944 persuadere
475 3865 626 3925 studerent
648 3865 701 3925 sed
721 3883 759 3924 ne
773 3864 863 3924 fuisse
878 3864 996 3940 quidem
1010 3883 1139 3940 unquam
1153 3865 1232 3941 apud
1252 3883 1362 3941 regem.

274 3975 413 4032 Attamen
435 3970 614 4030 fraudulenti
635 3971 677 4028 illi
697 3971 789 4045 legati
811 3970 849 4030 ad
870 3987 935 4030 eam
957 3971 1083 4046 denique
1105 3969 1239 4030 fraudem
1261 3975 1290 4030 et
1312 3972 1362 4029 im-

273 4078 442 4155 prudentiam
451 4077 682 4153 progrediuntur
697 4083 829 4152 utquam
843 4077 942 4154 „regis
956 4071 1091 4137 oculum“
1107 4082 1215 4137 uocant
1232 4077 1362 4153 legatum

273 4184 421 4263 quendem
441 4188 474 4243 ut
494 4184 525 4243 hi
546 4183 665 4259 quidem
685 4184 786 4244 dieunt
807 4201 826 4242 e
846 4201 918 4258 rege
938 4184 1094 4244 Persarum
1115 4183 1154 4242 sd
1165 4182 1362 4243 Athenienses
