3120 4816
691 393 892 454 ..25..

250 578 373 636 rumque
399 539 610 637 deprauationc
639 559 737 621 omnia
765 564 914 638 postremo
944 560 1054 636 optima
1086 557 1183 618 studia
1214 557 1340 633 degene-

249 670 315 725 rata
336 683 411 726 esse.

349 771 425 844 Quid
447 770 563 833 multa?
584 772 681 832 Etiam
703 772 733 830 in
746 771 979 832 Acbamensium
1001 769 1101 830 fabula
1112 769 1339 846 Aristophanem

248 895 348 937 rerum
379 882 410 937 et
434 877 616 954 pubIIcarum
648 881 678 937 et
698 877 881 954 priuatarum
911 875 1043 953 plurimis
1071 893 1106 934 ao
1136 874 1341 934 diuersissimis

249 981 468 1043 condicionibus
488 981 636 1043 liberrimo
658 982 765 1044 iudicio
782 982 945 1059 perstrictis
966 981 1050 1058 qnasi
1071 980 1230 1057 imaginem
1250 998 1341 1058 quan-

250 1086 315 1145 dam
337 1088 494 1148 uniuersae
525 1087 703 1164 reipublicae
732 1087 827 1163 qualis
856 1087 975 1163 quidem
1006 1091 1077 1146 tuno
1103 1085 1160 1145 suit
1190 1084 1340 1145 effinxisse

248 1197 338 1269 atque
359 1194 402 1254 ita
423 1194 501 1270 quod
522 1194 640 1254 omnino
657 1193 815 1253 comoediis
832 1193 892 1253 suis
906 1191 982 1252 effici
997 1191 1138 1252 uoluisset
1153 1195 1339 1251 consecutum

249 1317 314 1359 esse
335 1301 415 1360 nullo
436 1299 523 1360 modo
544 1317 656 1374 negare
676 1299 848 1375 poterimus.

346 1405 405 1466 Sed
426 1406 513 1466 certis
534 1406 709 1482 quibusdam
730 1405 849 1466 fabulae
871 1405 1003 1466 terminis
1019 1404 1271 1484 circumscriptum
1294 1412 1340 1466 est

221 1501 321 1570 ⁸illud
347 1511 498 1572 consilium
530 1516 563 1572 ut
590 1513 619 1570 in
646 1512 753 1597 ceteris
774 1511 932 1572 comoediis
954 1511 1088 1570 omnibus
1109 1513 1152 1572 ita
1179 1512 1210 1570 in
1231 1512 1340 1573 Achar-

248 1615 388 1677 uensibus
409 1635 546 1694 quoque:
568 1635 736 1694 quanquam
758 1617 850 1677 maior
870 1617 925 1677 suit
946 1635 1045 1676 rerum
1066 1616 1151 1694 copia
1179 1635 1253 1694 quas
1274 1636 1341 1677 oon-

250 1721 345 1782 siiium
367 1740 452 1782 suum
473 1723 686 1802 Aristophanes
707 1729 826 1784 secutus
847 1727 986 1799 tanquam
1007 1709 1161 1784 materiem
1183 1724 1339 1784 comoediis

249 1825 411 1888 subiciebat
426 1846 514 1905 quam
530 1846 607 1904 quae
623 1845 681 1888 uno
703 1833 735 1888 ut
756 1829 798 1888 ita
819 1829 914 1888 dicam
935 1827 1054 1890 fabulae
1072 1828 1224 1889 cuiusdam
1244 1829 1340 1889 uincla

248 1932 323 1993 adeo
344 1935 486 1994 contineri
506 1933 623 2010 possint
642 1939 675 1993 ut
697 1952 799 1993 omnes
819 1935 937 1995 fabulae
952 1933 1134 2010 actionisque
1155 1938 1257 2010 partes
1270 1938 1338 2011 apte

248 2038 325 2099 inter
345 2057 377 2100 se
399 2044 563 2116 congruant
583 2057 618 2100 ac
639 2045 733 2101 totum
756 2039 896 2118 quiddam
917 2039 1056 2100 efficiant.

349 2145 388 2205 Et
409 2145 548 2206 abhorret
569 2146 637 2206 talis
658 2147 838 2207 concinnitas
860 2148 898 2205 ab
926 2146 989 2222 ipsa
1014 2145 1221 2224 Aristophanis
1241 2166 1339 2208 rerum

248 2250 514 2327 componendarum
535 2252 657 2312 ratione.
679 2253 757 2312 Nam
779 2269 867 2328 quam
887 2251 973 2328 fingit
993 2253 1024 2312 in
1050 2269 1167 2329 quaque
1189 2253 1340 2314 comoedia

249 2355 379 2426 fabulam
399 2373 437 2416 ea
457 2373 490 2416 re
512 2374 584 2416 uera
604 2357 676 2417 nihil
696 2357 776 2416 aliud
797 2360 843 2418 est
869 2358 925 2417 nisi
950 2363 1091 2433 tanquam
1117 2355 1339 2418 fundamentum

249 2460 397 2536 quoddam
424 2481 523 2523 rerum
554 2463 703 2522 uariarum
735 2481 769 2523 ac
804 2465 924 2524 fortuito
957 2464 1120 2525 oblatarum
1152 2481 1229 2539 quae
1259 2465 1338 2524 nulio

249 2566 358 2627 artiore
379 2569 496 2629 uinculo
515 2570 594 2630 inter
614 2587 646 2630 se
669 2570 825 2646 colligatae
845 2587 905 2630 non
926 2571 1022 2630 causis
1043 2569 1074 2628 in
1095 2570 1160 2646 ipsa
1176 2570 1226 2628 illa
1240 2568 1339 2629 fabula

248 2672 351 2747 positis
378 2674 476 2749 potius
503 2693 591 2750 quam
623 2676 707 2752 quasi
739 2681 863 2736 externa
890 2676 1068 2736 necessitate
1098 2675 1228 2735 uniuersi
1263 2676 1339 2735 illius

249 2777 362 2837 consilii
382 2785 490 2856 po'e‘tae
512 2785 543 2840 et
562 2780 729 2842 efficiuntur
750 2785 780 2841 et
801 2782 970 2842 cohaerent.

350 2882 525 2962 Quanquam
560 2886 769 2963 progrediente
800 2891 933 2964 tempore
963 2887 1053 2947 etiam
1084 2888 1115 2946 in
1144 2886 1340 2963 descriptione

249 2991 376 3066 partium
398 2995 428 3052 et
449 2991 479 3051 in
508 2993 632 3053 actionis
661 2993 764 3054 ordine
793 2992 832 3052 ad
851 2987 1001 3070 [maiorem
1026 2993 1098 3053 artis
1129 2991 1339 3070 perfectionem

249 3097 476 3174 Aristophanem
484 3100 656 3175 peruenisse
677 3117 736 3159 non
750 3099 932 3174 negauerim.
955 3099 1014 3160 Sed
1024 3099 1055 3158 in
1068 3098 1267 3175 superioribus
1284 3098 1340 3158 iilis

249 3179 408 3263 comoediis
435 3209 468 3264 ut
489 3209 553 3264 erat
580 3208 659 3266 totus
687 3204 847 3265 etiamtunc
868 3205 899 3263 in
916 3204 1005 3265 rebus
1027 3204 1151 3281 publicis
1172 3221 1245 3280 quas
1266 3207 1339 3262 trac-

248 3309 356 3371 tandas
377 3309 433 3369 sibi
453 3315 617 3386 sumpserat
640 3313 670 3370 et
691 3311 720 3368 iu
734 3310 854 3369 consilio
876 3327 977 3370 aarum
994 3311 1122 3370 omnium
1143 3309 1340 3386 perstringen-

249 3415 353 3476 darum
373 3415 429 3491 ipsi
450 3414 522 3474 artis
544 3414 656 3474 formae
678 3419 708 3474 et
729 3415 839 3492 speciei
860 3415 955 3474 minus
977 3414 1080 3475 tribuit
1107 3420 1196 3491 atque
1217 3414 1340 3474 formam

249 3522 420 3582 comoediae
441 3538 517 3596 quae
539 3520 648 3580 tradita
670 3524 735 3585 erat
763 3537 781 3578 a
801 3521 946 3596 prioribus
973 3521 1069 3598 poetis
1101 3521 1217 3582 comicis
1246 3519 1341 3578 nunus

250 3644 315 3686 eam
337 3629 507 3687 concinnam
528 3631 618 3702 atque
638 3627 804 3704 perfectam
825 3628 889 3704 ipse
910 3645 1027 3704 quoque
1048 3630 1201 3705 amplexus
1223 3631 1277 3688 est.

348 3734 395 3792 Ita
417 3732 649 3792 Acharnensium
671 3749 787 3808 quoque
809 3731 927 3793 fabulae
956 3733 1089 3810 singulae
1116 3735 1268 3794 celerrime
1299 3733 1339 3790 in-

250 3841 343 3900 uicem
366 3857 398 3898 se
420 3841 609 3916 insequentes
637 3842 737 3915 partes
767 3857 890 3914 quarum
921 3856 975 3899 sua
1004 3857 1140 3916 quaeque
1166 3858 1201 3899 ac
1221 3840 1342 3916 propria

250 3945 280 4004 ui
301 3946 411 4005 comica
432 3950 477 4005 cst
499 3948 643 4004 exornata
664 3962 760 4020 neque
782 3945 841 4005 alia
863 3963 900 4005 ex
926 3945 986 4004 alia
1016 3947 1192 4006 necessitate
1214 3946 1341 4022 quadam

251 4050 416 4110 efficiuntur
436 4067 533 4127 neque
554 4053 616 4112 ulla
636 4069 791 4111 causarum
812 4053 889 4113 serie
917 4051 1086 4113 cohaerent.
1136 4053 1254 4114 Etenim
1275 4069 1340 4111 cum

251 4157 349 4216 statim
377 4157 414 4216 ab
435 4157 518 4218 initio
540 4157 658 4218 fabulae
678 4158 704 4217 is
725 4157 775 4234 qui
795 4158 904 4234 primas
926 4158 988 4234 agit
1014 4159 1094 4234 quod
1123 4159 1218 4219 uoluit
1242 4176 1341 4218 conse-
