3120 4816
648 383 852 447 ..41-

204 551 286 613 dibili
316 551 443 627 quadam
473 551 593 612 uirtutis
620 556 709 628 atque
739 551 989 627 magnanimitatis
1019 552 1116 628 specie
1148 567 1237 627 quam
1264 557 1294 613 et

203 657 314 732 ingenii
336 660 367 717 et
387 659 518 735 eorporis
538 659 641 718 babitu
662 675 734 735 prae
756 675 788 717 se
808 656 944 718 ferebant
965 659 1077 717 animos
1097 660 1295 734 spectatorum

204 762 359 838 erigebant
386 763 466 838 apud
494 763 666 840 Euripidem
693 763 792 822 miseri
820 762 893 822 iacti
920 766 990 823 sunt
1015 761 1142 824 mendici
1162 761 1214 838 qui
1235 780 1295 822 sor·

204 866 279 928 didis
304 869 410 944 pannis
438 869 562 932 inuoluti
572 864 599 907 ⁶¹
629 869 730 929 uerbis
760 886 836 944 quae
867 887 905 930 ex
937 868 1001 929 foro
1023 869 1185 944 desumpta
1213 866 1293 927 haud

203 992 269 1033 raro
301 974 478 1036 uidebantur
508 992 597 1051 saepe
631 975 795 1035 lenissimas
826 993 874 1036 res
907 974 1029 1034 hilarius
1061 991 1149 1050 quam
1180 975 1293 1036 tristius

201 1079 400 1154 proferebant.
1077 1086 1081 1090 ’

300 1185 400 1261 Atque
430 1187 504 1247 haec
528 1187 613 1262 quasi
640 1186 670 1245 ui
691 1187 819 1262 quadam
849 1184 1032 1246 extrinsecus
1061 1187 1154 1247 ascita
1184 1186 1292 1247 doloris

202 1291 477 1369 misericordiaeque
498 1291 657 1353 concitatio
678 1296 708 1352 et
722 1292 842 1352 uafritia
862 1292 920 1352 ista
940 1292 988 1353 uel
1011 1293 1131 1353 summis
1151 1293 1292 1354 heroibus

202 1395 340 1473 imposita
360 1399 487 1458 maxime
508 1399 538 1457 in
559 1397 791 1458 Acharnensium
812 1397 912 1458 fabula
932 1399 1181 1475 perstringuntur.

186 1529 188 1536 ·
263 1505 265 1509 '
299 1502 418 1562 Etenim
427 1502 640 1581 Aristophanes
649 1503 679 1562 in
689 1504 745 1564 hae
756 1505 909 1564 comoedia
917 1509 1099 1581 spectatores
1109 1498 1194 1581 quasi
1204 1505 1291 1583 inspi-

203 1607 315 1668 mentes
342 1607 412 1666 facit
438 1608 469 1667 in
490 1608 662 1668 uestiarium
681 1609 830 1685 Euripidis
857 1609 1021 1670 mendicum
1048 1614 1138 1687 atque
1160 1628 1198 1670 ex
1218 1610 1291 1688 ipsis

200 1713 240 1771 ad
259 1730 402 1773 summam
430 1713 623 1773 humilitatem
651 1713 772 1774 abiectis
794 1714 932 1775 heroibus
957 1718 1121 1791 complures
1143 1716 1186 1776 eis
1207 1717 1291 1793 quasi

200 1823 271 1879 ante
293 1821 392 1879 oculos
418 1817 565 1896 proponit.
606 1820 654 1878 Ex
674 1819 780 1896 quibus
801 1820 965 1896 Telephum
996 1821 1128 1897 inprimis
1161 1823 1290 1898 appellat

200 1925 250 2001 qui
276 1925 411 2001 quamuis
442 1924 526 1984 fortis
557 1925 603 1984 uir
631 1928 661 1985 et
687 1943 742 1985 rex
767 1925 857 1986 fuerit
887 1930 986 1986 tamen
1013 1927 1093 2004 apud
1117 1926 1289 2004 Euripidem

200 2031 320 2091 claudus
340 2029 490 2090 mendicus
511 2027 674 2090 iactus-sit.
717 2029 808 2090 Ouius
828 2033 946 2092 nomine
967 2033 1126 2109 inscriptae
1147 2035 1185 2093 ab
1205 2033 1290 2092 Euri-

197 2135 266 2212 pide
295 2135 413 2197 fabulae
440 2153 529 2211 quam
550 2135 624 2194 alias
645 2153 762 2212 qnoque
782 2137 997 2216 Aristophanes
1010 2134 1035 2176 ⁶²
1059 2143 1088 2199 ot
1105 2139 1156 2198 alii
1176 2156 1289 2198 comoe-

199 2242 313 2302 diarum
343 2241 501 2317 scriptores
511 2237 539 2279 ⁶³
568 2239 647 2301 haud
676 2259 743 2302 raro
774 2243 899 2304 facetius
928 2238 1094 2320 significant
1123 2243 1154 2303 in
1180 2243 1287 2304 Achar-

197 2349 336 2409 neusibus
363 2366 423 2408 non
449 2347 543 2407 solum
568 2365 672 2407 uersus
694 2353 725 2408 et
750 2349 866 2425 singula
895 2350 982 2428 dieta,
1015 2350 1178 2411 sedetiam
1204 2351 1285 2426 ipsae

196 2471 295 2514 rorum
315 2453 502 2514 condiciones
521 2470 576 2530 per
595 2454 753 2514 ludibrium
774 2454 995 2532 detorquentur.
1019 2526 1021 2530 ‚

294 2563 379 2622 Illam
406 2566 505 2622 autem
531 2561 717 2638 tragoediam
744 2563 877 2641 inprimis
897 2563 1110 2641 Aristophanes
1130 2562 1287 2623 uehemen-

194 2669 306 2730 tissime
334 2669 541 2746 perstrinxisse
570 2669 687 2730 nidetur
714 2687 780 2730 cum
800 2670 880 2745 quod
900 2669 1050 2746 Telephus
1070 2669 1191 2730 heroum
1211 2685 1286 2745 quos

195 2773 351 2852 Euripides
385 2776 414 2835 in
446 2792 582 2835 scaenam
615 2775 797 2851 produxerat
828 2777 956 2838 omnium
987 2777 1077 2852 longe
1105 2775 1284 2836 miserrimus

195 2884 261 2940 erat
280 2884 343 2940 tum
363 2855 449 2956 quod*
463 2897 501 2940 ea
519 2881 618 2941 omnia
644 2897 722 2956 quae
746 2881 777 2941 in
796 2882 881 2958 poesi
900 2881 1061 2958 Euripidae
1080 2882 1145 2957 ipse
1166 2880 1285 2956 quddam

194 2986 383 3063 uituperabat
403 2986 433 3046 in
453 2985 504 3046 illa
523 2985 679 3061 tragoedia
698 2987 747 3046 uel
766 2986 893 3046 maxime
922 2988 1064 3047 extabant
1085 2989 1175 3061 atque
1196 3003 1285 3061 appa-

193 3094 308 3153 rebant.
341 3093 420 3153 Nam
441 3094 600 3170 scripserat
618 3093 775 3171 Euripides
796 3098 827 3154 et
846 3094 934 3153 istam
953 3093 1138 3170 tragoediam
1159 3095 1189 3152 et
1209 3108 1284 3166 quas

194 3198 267 3256 alias
294 3197 410 3260 fabulas
431 3199 645 3277 Aristophanes
669 3199 701 3259 in
721 3199 958 3261 Acharneusibus
985 3201 1116 3260 nominat
1140 3215 1283 3260 recensa

193 3303 346 3381 disciplina
365 3306 547 3381 Protagorae
573 3309 663 3382 atque
693 3306 791 3366 omnia
817 3306 849 3365 in
869 3305 915 3365 his
943 3305 1104 3383 tragoediis
1124 3305 1163 3364 ad
1183 3323 1283 3366 recen-

192 3409 275 3469 tioris
296 3411 403 3472 aetatis
424 3413 563 3472 subtilem
584 3411 747 3472 disserendi
767 3411 913 3472 rationem
932 3416 1136 3473 reuocauerat.

291 3514 389 3593 Atque
410 3517 482 3578 illud
501 3515 619 3576 dicendi
648 3516 776 3578 studium
803 3517 1016 3593 artificiumque
1043 3516 1166 3577 nouiciis
1186 3517 1282 3594 sophi-

193 3624 304 3680 starum
325 3621 464 3682 doctrinis
492 3621 655 3699 perfectum
684 3641 742 3699 quo
769 3624 896 3700 praediti
917 3628 948 3684 et
967 3624 1044 3684 illius
1065 3623 1172 3684 aetatis
1192 3622 1282 3683 Athe·

292 3824 315 3860 ⁶¹
331 3822 399 3876 Rau.
417 3821 476 3876 836.

298 3907 321 3944 ⁶²
339 3906 411 3962 Nub.
429 3907 488 3961 921.
505 3907 564 3960 888.
582 3907 650 3961 Rau.
667 3909 727 3963 853.
743 3909 892 3965 8631447.
910 3909 963 3979 Eq.
975 3911 1034 3965 810.
1050 3909 1126 3966 1237.
1143 3910 1204 3967 Pac
1220 3910 1279 3966 127.

193 3989 302 4046 Thesm.
320 3994 380 4047 517.
399 3993 464 4062 Lys.
483 3993 541 4046 707.
559 3992 595 4047 cf.
613 3991 714 4061 Bergk.
732 4010 755 4049 c.
773 4010 797 4048 a.
815 4011 835 4050 r.
853 4011 881 4064 p.
900 3997 950 4052 136
968 4012 1009 4066 sq.

296 4081 320 4119 ⁶³
339 4079 420 4134 Alex.
438 4093 482 4148 ap.
499 4078 580 4133 Mein.
597 4078 638 4132 ΙΙΙ
663 4079 722 4133 467.
741 4078 841 4148 Amph.
859 4097 903 4148 ap.
921 4081 1001 4138 blein.
1018 4083 1068 4138 111.
1087 4084 1146 4138 313.
1163 4081 1278 4138 Timocl.

190 4178 235 4230 ap.
254 4161 334 4218 blein.
351 4164 401 4219 111.
419 4165 478 4220 593.
