3120 4816
624 363 825 426 ..21...

184 539 279 614 lisque
305 534 447 613 implicari
467 536 638 608 paterentur
663 537 752 608 atque
773 536 808 591 ut
827 529 937 592 maiore
957 531 1114 591 clementia
1134 547 1273 607 ergaso·

185 644 247 704 cios
271 647 433 704 uterentur.
477 639 574 712 Quam
595 640 632 700 ob
654 655 772 698 oausam
796 635 921 713 gloriam
945 640 1053 713 poetae
1079 637 1185 697 chorus
1205 635 1273 696 ridi·

185 751 251 810 cula
282 750 323 809 ait
352 741 487 808 ueritatis
517 745 717 822 superlatioue
749 747 827 805 ultra
858 741 966 820 oppida
996 742 1141 803 sociorum
1168 743 1220 821 qui
1240 747 1274 803 11

185 858 397 933 cognoscerent
418 869 485 912 eum
505 851 698 914 uehementer
718 851 920 912 desiderarent
944 866 1037 924 usque
1059 849 1097 908 ad
1117 851 1274 912 Persarum

185 978 287 1038 regem
307 961 480 1020 translatam
498 977 563 1020 esse
585 959 635 1035 qui
653 959 817 1018 sciscitatus
839 975 877 1016 ex
897 957 1005 1032 legatis
1026 956 1275 1018 Lacedaemonio·

185 1087 250 1129 rum
270 1066 344 1126 utris
364 1065 479 1124 faneret
500 1064 714 1141 Aristophanes
728 1063 892 1122 -dixisset
914 1079 965 1121 eos
986 1062 1117 1122 uicturos
1138 1080 1203 1123 esse
1225 1063 1275 1138 qui

185 1173 272 1234 huius
292 1177 399 1248 poetas
421 1171 548 1230 consiliis
568 1174 731 1230 uterentur„
754 1161 1125 1245 ItaqucLLacedaemouios
1138 1167 1169 1226 id
1183 1184 1273 1243 agere

185 1285 219 1339 11
240 1283 360 1355 potitam
385 1277 423 1336 ad
452 1293 484 1336 se
511 1276 675 1335 traducant.
719 1274 814 1347 Quem
842 1291 880 1333 111
913 1272 1050 1333 deserant
1077 1271 1274 1334 Athenienses

184 1388 263 1446 iusta
283 1401 377 1460 usque
399 1388 429 1442 et
448 1384 527 1443 bona
547 1381 705 1442 comoediis
725 1380 785 1440 suis
802 1396 957 1440 suasurum
978 1407 1018 1422 -
1039 1377 1182 1456 quidquid
1202 1377 1274 1439 (ileo

185 1491 367 1552 machinetur
389 1489 553 1549 -chorus
574 1492 648 1548 orat.

284 1599 362 1658 Tum
382 1613 453 1656 uero
476 1613 587 1656 summo
609 1613 674 1655 cum
695 1595 801 1655 ardore
819 1612 903 1654 musa
918 1586 1122 1672 „Acharnioa“
1138 1593 1276 1654 inuocata

185 1704 390 1766 Aolramenses
421 1721 509 1763 serres
535 1702 709 1778 grauissime
739 1705 902 1778 queruntur
930 1702 1009 1779 qnod
1037 1701 1173 1778 quamuis
1197 1701 1275 1761 berre

187 1811 225 1871 de
244 1809 341 1886 patria
360 1809 399 1867 ad
417 1808 621 1868 Marathonem
642 1807 802 1868 meruerint
824 1806 860 1866 de
882 1807 1039 1868 leuissimis
1060 1809 1156 1868 causis
1176 1806 1276 1866 litibus

186 1915 381 1976 iniustissimis
400 1915 592 1992 implicentur,
615 1914 756 1974 iuuenum
768 1914 919 1975 calumniis
935 1914 1147 1990 subtilibusque
1161 1912 1276 1974 dicendi

186 2022 315 2082 artificiis
337 2023 367 2081 iu
389 2021 503 2081 iudiciis
525 2020 790 2080 circumuenientur
811 2037 986 2098 semperque
1007 2019 1175 2079 multentur.
1211 2019 1277 2078 Nec

186 2129 250 2188 siue
273 2127 373 2188 dolore
394 2145 425 2188 se
447 2126 556 2186 uidisse
581 2125 693 2186 addunt
715 2125 918 2201 Thucydidem
944 2126 1039 2186 uirum
1068 2125 1209 2201 optimum
1228 2123 1276 2184 de-

187 2234 297 2294 fectum
326 2232 411 2292 annis
438 2236 468 2292 et
489 2233 601 2292 uiribus
630 2238 797 2292 accusatum
823 2234 861 2294 ab
882 2233 1009 2294 Euathlo
1036 2248 1214 2306 causamque
1236 2229 1276 2290 di-

186 2344 301 2400 centem
330 2339 409 2414 apud
435 2338 555 2399 iudices.
598 2337 697 2410 Quare
725 2343 873 2415 postremo
893 2339 1091 2399 Athenienses
1118 2336 1276 2398 admouent

186 2453 219 2505 ut
245 2445 317 2506 illud
348 2444 467 2521 quidem
498 2445 653 2505 instituant
682 2448 714 2504 11
735 2461 822 2504 senes
849 2443 886 2505 de
907 2444 1027 2505 senibus
1054 2443 1091 2504 de
1116 2443 1276 2504 iuuenibus

186 2553 309 2612 iuuenes
329 2557 518 2628 cognoscant.

286 2658 384 2718 Finita
409 2657 548 2734 parabasi
573 2657 760 2733 Dicaeopolis
787 2675 805 2716 e
826 2657 911 2717 domo
932 2674 986 2718 sua
1012 2675 1151 2734 egressus
1181 2656 1277 2717 forum
1379 2664 1413 2718 V.

186 2782 285 2825 rerum
316 2763 463 2823 uenalium
491 2767 620 2823 metatur
648 2781 706 2840 quo
735 2765 793 2823 iam
823 2781 878 2824 sua
905 2765 997 2841 ipsius
1025 2781 1099 2840 pace
1127 2763 1195 2824 freti
1222 2731 1508 2874 neo2·’¹'3⁷¹⁶l⁰⁰'‘53‘gl·

186 2871 295 2934 bellum
322 2869 477 2946 quicquam
505 2874 641 2930 curantes
670 2871 780 2930 addin
809 2821 1448 2930 11111111111011111111111Ρ110-ΜΗς
1485 2861 1492 2874 ’

186 2973 322 3052 pounesii
342 2976 535 3050 Megarenses
554 2975 660 3036 Boeoti
680 2981 852 3036 commeent.
895 2975 978 3050 Quae
1009 2982 1108 3037 autem
1135 2993 1278 3052 agorano·

187 3097 299 3140 morum
324 3079 389 3140 uice
417 3079 580 3156 funguutur
606 3080 726 3157 flagella
750 3081 808 3141 tria
836 3101 896 3144 uon
923 3083 1019 3145 solum
1040 3100 1153 3143 meroes
1174 3099 1276 3142 curare

186 3186 347 3278 sedetiam
367 3203 472 3246 omues
498 3187 569 3246 belli
589 3187 971 3249 studiosos-Lamachum
992 3189 1123 3266 inprimis
1145 3193 1176 3250 et
1196 3204 1277 3262 syco-

186 3291 313 3368 phantas
334 3311 353 3351 a
373 3291 437 3353 foro
457 3292 614 3370 prohibere
636 3293 781 3354 iubentur.
1283 3277 1285 3281 ⁵

284 3399 325 3459 ut
347 3415 418 3458 sane
440 3399 514 3458 mira
535 3401 687 3461 celeritate
715 3401 795 3460 fama
822 3401 981 3462 increbruit
1003 3402 1074 3463 noui
1094 3401 1159 3461 fori.
1201 3397 1279 3459 Nam

187 3504 396 3581 Dicaeopolide
423 3504 540 3564 domum
566 3506 651 3567 modo
682 3507 816 3583 ingresso
844 3512 877 3568 ut
904 3508 1068 3568 columnam
1099 3509 1218 3568 efferret
1248 3507 1296 3569 in.

187 3630 247 3688 qua
266 3629 371 3689 paoem
397 3629 480 3672 suam
508 3613 671 3701 insculpsit
685 3611 807 3674 aduenit
835 3631 900 3674 cnm
927 3614 1042 3674 duabus
1068 3614 1165 3676 filiolis
1190 3615 1278 3677 homo

187 3717 306 3793 qnidam
334 3719 535 3795 Megareusis:
569 3719 652 3780 ouius
678 3736 805 3795 persona
824 3719 1043 3796 Megarensium
1075 3726 1105 3783 et
1137 3739 1279 3781 summam

187 3823 335 3884 miseriam
364 3830 396 3884 11
422 3827 559 3885 11111101
591 3824 853 3901 fraudulentosque
880 3844 976 3887 mores
1002 3827 1161 3889 laetissime
1190 3834 1280 3904 poeta

188 3933 343 4008 expressib
367 3929 491 4004 Quaerit
507 3931 584 3990 enim
594 3931 680 3991 homo
695 3931 879 4010 Megareusis
893 3950 931 3992 ex
943 3932 1041 3993 filiolis
1056 3937 1153 3994 utrum
1167 3934 1279 3994 esurire

188 4055 226 4096 au
241 4055 350 4098 uenum
364 4039 407 4098 ire
422 4037 533 4098 malint.
565 4037 648 4111 Quae
663 4056 729 4099 cum
743 4057 802 4100 unc
816 4058 867 4100 ore
889 4057 998 4100 uenum
1012 4039 1056 4100 ire
1077 4040 1180 4101 malint
1193 4045 1280 4118 pater

189 4161 248 4220 quo
275 4143 389 4206 facilius
416 4145 447 4206 id
475 4143 620 4206 efficiatur
645 4144 720 4206 filias
744 4146 937 4224 porcellorum
968 4151 1067 4208 rostra
1096 4151 1126 4208 et
1155 4148 1280 4224 ungulas
