3120 4816
581 363 883 424 ,-36-

333 528 419 601 Quod
441 532 540 588 autem
562 529 652 590 sentit
673 527 709 590 de
731 528 883 606 republica
894 527 1082 604 Dicaeopolis
1096 526 1175 586 idem
1196 532 1242 586 est
1256 526 1327 585 illud

233 635 313 711 quod
334 635 447 710 antiqui
469 635 576 695 Graeci
596 635 695 696 animo
718 653 753 696 ac
767 639 866 694 mente
887 634 1006 712 penitus
1019 638 1215 711 perceperant
1236 631 1326 710 quod·

235 758 293 816 que
321 758 433 800 morum
466 742 624 817 legumque
653 738 844 801 oboedientia
868 740 1062 816 cognoscitur.
1113 737 1213 812 Quare
1240 739 1326 800 nouis

233 847 340 906 aetatis
361 865 432 907 suae
454 846 583 906 moribus
611 846 800 908 aduersarius
825 843 921 906 factus
952 845 1025 905 nihil
1056 846 1151 923 magis
1177 845 1326 906 desiderat

234 969 322 1027 qnam
343 956 376 1011 ut
396 971 455 1030 pax
477 953 579 1028 utique
601 951 653 1011 liat
672 952 704 1011 in
724 970 784 1029 qua
812 970 871 1013 non
900 952 986 1013 modo
1015 951 1198 1027 singulorum
1218 950 1325 1011 oinium

233 1055 286 1116 sed
310 1055 400 1118 etiam
420 1059 576 1118 uniuersae
598 1056 726 1118 ciuitatis
747 1058 872 1118 salutem
892 1058 1019 1135 positam
1039 1061 1134 1134 putat.

333 1163 450 1224 Ultimis
476 1181 548 1224 uero
576 1163 648 1224 belli
679 1164 764 1224 annis
795 1168 828 1224 ut
860 1163 931 1222 illud
959 1162 1093 1224 crederet
1120 1163 1170 1223 uel
1197 1161 1324 1222 maxime

234 1270 420 1346 Dicaeopolis
451 1271 593 1346 impulsus
620 1273 674 1330 est
717 1269 794 1328 Nam
824 1268 888 1346 ipse
916 1286 1036 1345 quoque
1060 1267 1204 1329 adductus
1226 1273 1272 1328 est
1292 1271 1326 1327 ut

168 1439 174 1446 ,
234 1377 298 1452 agri
319 1377 365 1435 sui
386 1375 584 1436 uastationem
605 1391 710 1452 passus
735 1374 766 1432 in
796 1375 900 1435 urbem
927 1373 1117 1450 confugeret:
1142 1374 1194 1434 ubi
1222 1390 1325 1434 carens

235 1482 369 1542 omnibus
389 1481 522 1542 iucundis
544 1480 744 1556 uoluptatibus
765 1479 846 1539 uitae
868 1479 996 1540 rusticae
1027 1478 1056 1538 in
1085 1480 1219 1555 angustis
1247 1477 1324 1538 aedi-

233 1587 305 1646 culis
327 1587 436 1662 exigua
456 1587 576 1646 senuna
595 1586 702 1646 misere
723 1585 807 1645 uixit.
834 1585 941 1660 Neque
956 1583 1062 1660 effugit
1084 1584 1183 1645 uarias
1203 1583 1325 1644 iniurias

235 1693 350 1752 illorum
371 1693 422 1769 qui
443 1698 514 1753 tnnc
534 1691 745 1768 rempublicam
766 1692 920 1768 gerebant,
948 1690 1001 1751 sed
1023 1690 1227 1751 excubandum
1248 1690 1324 1750 adeo

234 1797 290 1858 luit
310 1799 338 1858 ei
358 1799 494 1873 quamuis
516 1802 614 1858 aetate
635 1796 814 1874 prouectiori
834 1796 872 1856 ad
892 1797 1010 1856 moenia
1030 1797 1120 1858 urbis.

333 1903 431 1976 Quare
464 1921 529 1963 cum
557 1901 752 1963 intellexisset
781 1900 870 1962 linem
901 1901 971 1963 belli
1001 1901 1106 1962 animis
1134 1901 1254 1964 taudem
1275 1905 1323 1963 ali-

234 2010 352 2086 quando
373 2009 569 2070 reconciliatis
590 2009 669 2068 nullo
691 2007 777 2069 modo
799 2008 1029 2086 exspectandum
1050 2025 1115 2070 esse
1137 2009 1325 2085 Dicaeopolis

234 2117 271 2176 de
292 2134 391 2177 rerum
413 2114 633 2176 condicionibus
654 2113 813 2174 meditatus
834 2131 940 2174 causas
960 2131 1062 2174 earum
1076 2115 1203 2175 leuiores
1225 2115 1325 2175 existi-

234 2222 325 2282 mauit
346 2239 434 2297 quam
456 2224 489 2280 nt
511 2221 554 2279 eis
575 2218 772 2280 adduceretur
793 2223 826 2280 ut
846 2220 1041 2280 communium
1062 2223 1228 2297 temporum
1249 2223 1324 2282 cala·

235 2330 367 2389 mitatem
387 2327 419 2386 in
439 2331 614 2405 perpetuum
642 2325 812 2403 susciperet
850 2325 982 2402 Cumque
1009 2327 1210 2404 perspexisset
1236 2345 1325 2404 qnam

234 2451 375 2510 peruerse
411 2433 576 2510 respublica
604 2432 796 2492 Atheniensis
832 2432 1086 2510 administraretur
1118 2438 1148 2492 et
1180 2432 1325 2504 quomodo

235 2540 316 2599 ciues
336 2538 507 2598 fallerentur
528 2537 603 2599 falso
626 2539 778 2614 promissis
799 2536 916 2598 auxiliis
939 2537 1124 2614 amplissimis
1149 2554 1185 2599 ac
1205 2540 1326 2616 popula-

234 2645 311 2705 rium
336 2645 530 2705 fraudulentis
562 2644 694 2704 artificiis
724 2661 801 2719 quae
827 2643 868 2702 illi
896 2643 1016 2719 quidem
1046 2649 1097 2704 aut
1127 2662 1186 2704 non
1215 2646 1326 2705 intelle-

235 2757 340 2827 gerent
363 2754 416 2810 aut
436 2768 508 2810 uera
527 2753 669 2826 putarent
692 2751 835 2810 acerrimo
865 2750 933 2811 belli
962 2749 1059 2810 studio
1079 2751 1264 2827 hostiumque
1285 2751 1326 2809 in-

235 2857 383 2916 flammato
404 2855 469 2916 odio
491 2873 586 2932 paene
604 2854 752 2916 occaecati
772 2859 886 2915 mnium
902 2853 976 2915 afuit
992 2859 1024 2915 ut
1043 2860 1162 2932 putaret
1180 2857 1328 2916 hominem

236 2981 302 3023 sese
323 2963 482 3038 simplicem
505 2962 541 3022 de
568 2963 656 3038 plebe
686 2979 724 3021 ex
749 2962 814 3022 istis
841 2980 941 3022 rerum
961 2961 1180 3023 condicionibus
1199 2980 1328 3038 unquam

236 3069 347 3144 ailquid
373 3067 581 3128 adsecuturum
603 3085 668 3129 esse
689 3070 722 3126 nt
749 3067 805 3127 sibi
825 3067 997 3143 sinibusque
1030 3069 1120 3129 etiam
1149 3067 1207 3128 alia
1238 3073 1328 3144 atque

238 3177 350 3235 maiora
371 3177 449 3233 mala
469 3174 570 3234 lutura
591 3191 657 3234 esse
677 3171 847 3250 prouideret
868 3191 903 3232 ac
922 3175 1159 3252 praenuntiaret..

336 3280 395 3342 Sed
416 3299 481 3341 cum
501 3279 680 3358 principibus
693 3279 872 3355 reipublicae
887 3283 992 3356 aperte
1005 3280 1163 3357 palamque
1184 3282 1328 3343 lacessitis

237 3405 397 3464 eorumque
418 3385 670 3446 administratione
691 3383 873 3461 reipublicae
894 3385 1018 3446 dilucide
1051 3387 1188 3462 exposita
1215 3388 1328 3449 ciuibus

183 3560 187 3570 ¹
237 3495 297 3555 suia
317 3512 376 3553 non
404 3492 584 3569 persuaserit
612 3490 799 3565 Dicaeopolis
826 3509 885 3550 nou
914 3491 1029 3554 dubitat
1057 3491 1152 3569 ipsam
1177 3493 1328 3554 ciuitatem

238 3601 375 3660 deserere
397 3617 432 3659 ac
452 3616 523 3657 suae
551 3597 643 3674 ipsius
672 3595 759 3656 saluti
785 3597 938 3656 consulere
968 3615 1043 3674 pace
1071 3600 1189 3674 priuata
1216 3600 1273 3661 sibi
1298 3605 1328 3660 et

237 3707 298 3766 suis
320 3723 385 3766 oum
406 3705 541 3766 hostibus
562 3704 732 3780 composita.
755 3701 851 3775 Quam
871 3721 975 3780 pacem
997 3711 1148 3782 acceptam
1165 3724 1224 3766 non
1246 3707 1329 3767 dissi-

237 3812 329 3872 mulat
354 3813 473 3871 territus
501 3810 736 3870 Acharnensium
765 3808 811 3866 ira
842 3813 873 3868 et
907 3808 1070 3870 maledictis
1095 3812 1149 3872 sed
1179 3815 1276 3888 palam
1299 3817 1328 3873 et

238 3936 336 3978 coram
358 3918 492 3979 omnibus
514 3916 628 3977 ciuibus
649 3916 818 3991 uoluptates
839 3913 903 3974 eius
924 3915 1102 3976 adfluentius
1122 3917 1229 3977 haurit.
1250 3919 1328 3979 Nam

236 4041 410 4104 persuasum
424 4025 452 4084 ci
467 4028 512 4085 est
526 4039 644 4084 cansam
659 4039 741 4080 suam
762 4022 869 4081 bonam
890 4011 1068 4098 consiliaque
1083 4041 1138 4083 sna
1151 4028 1234 4085 recta
1249 4042 1328 4084 esse:

237 4137 270 4193 ut
292 4132 317 4190 si
338 4147 477 4210 prospere
499 4149 561 4192 rem
582 4129 708 4207 gesserit
736 4145 806 4188 mox
835 4127 916 4190 ciues
936 4131 1122 4192 consiliorum
1144 4149 1263 4190 suorum
1283 4147 1328 4190 ra·
