3120 4816
710 431 1005 494 --16-¹

267 598 396 674 quinque
425 615 529 658 uersus
557 598 726 672 loquuntur.
769 582 808 658 nt
837 598 934 658 adfert
961 597 1157 676 Amphitheus
1188 601 1269 676 pacis
1300 602 1357 661 tria

266 722 378 779 genera
404 703 490 779 quasi
516 702 585 762 uina
606 703 665 763 sint
686 704 799 780 lagenis
820 705 941 764 inclusa.
974 705 1020 764 Ex
1043 705 1149 781 quibus
1169 707 1356 782 Dicaeopolis

266 815 296 869 et
318 809 446 885 quinque
469 813 499 868 et
520 808 621 868 decem
642 827 786 869 annorum
807 828 896 886 paces
916 811 1029 887 respuit
1049 811 1158 888 quippe
1186 831 1263 888 quae
1284 816 1356 873 clas·

266 915 341 973 sium
364 919 529 991 apparatus
558 915 657 974 oleant
688 917 912 991 legatorumque
944 917 1115 976 missiones:
1148 917 1202 978 sed
1233 919 1355 994 triginta

265 1037 407 1078 annorum
422 1037 525 1096 pacem
539 1005 712 1080 suauissimo
728 1021 817 1080 odore
832 1039 997 1098 saporeque
1018 1022 1225 1083 iucundissimo
1242 1043 1354 1085 summo

264 1127 373 1202 gaudio
400 1125 514 1201 accipit.
558 1124 625 1198 Qua
651 1144 724 1201 pace
753 1130 874 1202 gustata
895 1128 981 1187 modo
1003 1127 1077 1188 adeo
1100 1134 1144 1190 est
1165 1118 1303 1190 incitatus
1324 1137 1356 1191 ct

264 1233 349 1308 quasi
371 1232 566 1291 inflammatus
587 1237 620 1291 ut
640 1233 710 1292 belli
731 1251 851 1308 prorsus
873 1234 980 1294 oblitus
1001 1235 1073 1294 nihil
1095 1236 1205 1311 cogitet
1227 1237 1283 1296 nisi
1303 1255 1354 1313 pa·
1438 1293 1442 1302 .

264 1341 305 1399 cis
331 1342 410 1401 bona
440 1355 475 1399 ac
503 1338 621 1413 gaudia.
676 1337 775 1410 Quare
807 1356 863 1398 nec
891 1343 1006 1416 tempus
1036 1359 1090 1401 nec
1120 1344 1217 1401 locum
1249 1361 1354 1402 curans

263 1445 442 1506 Liberalium
469 1461 546 1518 quae
577 1443 685 1502 diutius
715 1443 773 1502 iam
801 1450 922 1521 propter
949 1450 1083 1523 tempora
1115 1446 1299 1508 desiderasse
1321 1467 1352 1509 se

262 1553 396 1628 queritur
426 1551 504 1610 diem
534 1550 642 1610 festum
673 1553 865 1612 laetissimum
900 1552 987 1612 facile
1022 1551 1149 1612 omnium
1178 1555 1352 1615 rusticorum

262 1657 413 1718 celebrare
428 1658 586 1718 constituit.
610 1656 770 1718 Adlaturus
782 1663 881 1718 autern
892 1676 969 1733 quae
984 1659 1107 1718 adhaec
1121 1676 1204 1718 sacra
1218 1660 1353 1724 facienda

261 1764 429 1824 necessaria
450 1765 508 1822 sint
522 1763 708 1839 Dicaeopohs
730 1762 847 1822 domurn
868 1763 961 1822 intrat
978 1762 1046 1822 dum
1060 1764 1255 1841 Amphithcus
1270 1769 1351 1842 pacis

261 1887 349 1944 quarn
370 1870 469 1929 attulit
489 1870 569 1929 nullo
591 1869 694 1929 fructu
708 1874 848 1946 percepto
863 1869 1069 1929 Acharnenscs
1090 1889 1165 1946 quos
1178 1873 1351 1933 redeuntem

261 1993 292 2035 se
315 1969 386 2034 dicit
405 1980 576 2052 persecutos
599 1993 664 2035 esse
684 1975 771 2051 fugit.

134 2089 170 2144 Π.
360 2083 423 2141 Iam
452 2100 524 2142 uero
551 2082 670 2141 inruunt
696 2082 726 2139 in
748 2081 928 2141 orchestram
950 2081 1000 2157 qui
1021 2063 1052 2141 in
1072 2082 1128 2142 hac
1149 2083 1248 2143 fabula
1269 2084 1349 2144 chori

62 2161 233 2294 ΠῙξόΞῑῖἳὲΞὲ
259 2191 358 2262 partes
380 2193 472 2264 agunt
493 2187 699 2248 Acharnenses
728 2187 875 2263 lapidibus
899 2188 1014 2248 armati.
1058 2187 1115 2260 Qui
1138 2189 1270 2250 versibus
1293 2198 1348 2250 trc-

83 2280 88 2292 ’
235 2282 360 2354 ‘chalco
382 2312 503 2354 numero
525 2294 688 2353 animorum
709 2293 800 2352 motui
820 2292 1016 2369 pulcherrime
1043 2295 1190 2370 adaptatis
1216 2305 1349 2358 senectu-

195 2403 199 2411 '
258 2406 318 2460 tem
350 2405 567 2476 conqueruntur
596 2417 655 2474 qua
683 2399 815 2476 impediti
837 2399 895 2459 sint
916 2400 1070 2490 quominus
1097 2402 1220 2462 celerius
1250 2423 1348 2479 perse·

174 2573 178 2580 ,
258 2512 418 2582 querentur
450 2505 614 2566 maleficum
646 2507 734 2565 istum
763 2503 909 2563 hominem
944 2506 994 2580 qui
1023 2524 1125 2581 pacem
1158 2510 1346 2569 reconciliare

257 2631 345 2672 ausus
366 2613 404 2672 sit
425 2630 490 2671 cum
510 2611 644 2671 hostibus
665 2610 715 2686 qui
736 2613 820 2670 bonis
842 2611 960 2686 quidem
981 2611 1115 2670 omnibus
1128 2612 1157 2668 iu
1175 2612 1238 2671 dies
1253 2615 1346 2689 magis

257 2719 350 2779 odiosi
371 2718 451 2776 fiant.
474 2718 579 2792 Neque
601 2733 672 2774 uero
695 2715 853 2800 desperant
874 2733 961 2775 senes
982 2716 1047 2774 duri
1071 2721 1100 2776 et
1121 2691 1251 2776 bellicosi
1273 2718 1346 2794 fugi-

256 2826 348 2885 tiuum
378 2843 409 2884 se
431 2828 639 2882 consecuturos
671 2838 736 2880 csse
769 2839 856 2896 quem
884 2838 916 2880 se
946 2821 1093 2881 occisuros
1125 2823 1345 2886 comminantur.

255 2933 333 2990 Nam
353 2949 457 3007 pacem
478 2929 548 3005 ipsis
577 2928 675 2987 invitis
702 2929 891 3004 compositam
920 2933 1114 3004 aspernantur
1135 2946 1190 2988 ncc
1209 2930 1291 3005 prius
1313 2950 1344 2991 se

255 3037 364 3097 bellum
392 3037 526 3095 finituros
548 3053 612 3095 esse
635 3036 740 3106 iurant
753 3052 840 3110 quam
861 3035 1087 3096 Lacedaemonii
1109 3035 1213 3095 uitium
1234 3039 1344 3099 excisa-

254 3161 319 3202 rum
340 3161 450 3220 poeuas
470 3142 658 3216 grauissimas
680 3140 824 3200 dederint.

334 3249 430 3324 ‚Tum
460 3253 559 3307 autem
587 3247 671 3306 domo
706 3264 844 3322 egressus
875 3247 1064 3324 Dicaeopolis
1092 3248 1241 3308 Liberalia
1268 3251 1341 3310 celc-

253 3356 390 3414 braturus
419 3357 551 3412 astantes
578 3352 689 3427 linguis
718 3351 819 3412 fauere
846 3351 935 3412 iubet.
979 3353 1018 3412 Et
1039 3353 1144 3413 chorus
1173 3372 1341 3432 quanquam

253 3460 351 3518 statim
373 3459 519 3518 intellexit
539 3457 617 3516 hunc
638 3475 703 3517 esse
725 3457 806 3517 illum
827 3458 878 3534 qui
897 3461 1013 3519 temere
1028 3477 1131 3534 pacem
1145 3464 1340 3538 composuerit

253 3583 318 3624 cum
339 3565 472 3624 hostibus
500 3568 600 3624 tamen
627 3581 775 3624 sacrorum
803 3566 971 3625 reverentia
997 3570 1148 3641 permotus
1168 3567 1280 3628 recedit
1299 3569 1341 3627 ita

252 3674 284 3728 ut
306 3668 545 3756 Dicaeopolidem
567 3670 705 3729 obscruet
727 3671 790 3746 ipse
812 3671 850 3730 ab
872 3688 907 3730 eo
929 3687 987 3728 non
1009 3676 1191 3747 conspectus.
1220 3673 1340 3731 Dicaeo-

251 3774 326 3849 polis
356 3779 455 3834 autcm
483 3774 598 3834 silentio
628 3774 705 3834 iacto
731 3793 868 3852 pompam
898 3777 1015 3838 instruit
1036 3777 1208 3836 sollemnem
1230 3778 1259 3835 iu
1281 3795 1340 3852 qua

251 3879 374 3953 primam
404 3878 446 3938 ire
473 3878 563 3937 filiam
590 3880 776 3955 canephoron
803 3881 885 3939 iubet
912 3897 997 3952 servo
1024 3896 1102 3954 ponc
1124 3897 1190 3940 eam
1210 3881 1339 3957 phallum

250 3982 378 4043 ferente:
409 3985 516 4045 deinde
542 4003 635 4045 uxore
662 3986 698 4045 de
719 3990 798 4045 tecto
828 3985 931 4046 domus
957 3989 1108 4060 spectante
1135 3986 1200 4062 ipse
1221 3988 1339 4048 ultimus

250 4107 375 4164 pompae
398 4107 515 4149 carmen
537 4091 817 4167 phallicumiucipit
838 4108 896 4166 quo
912 4094 1037 4166 etgrato
1049 4091 1144 4151 anirno
1163 4092 1248 4152 deum
1265 4095 1338 4154 cele-

249 4195 315 4252 brat
338 4200 367 4254 et
388 4200 526 4270 precatur
546 4200 579 4254 ut
601 4213 701 4255 omnes
723 4195 835 4256 fructus
855 4195 937 4271 pacis
956 4227 1027 4275 suae
1055 4196 1208 4272 percipiat.
