3120 4816
684 399 888 462 ..28-

244 566 409 628 telleriaaet
438 565 558 629 taudem
584 565 741 645 aliquando
772 565 981 627 decertandum
1009 565 1071 628 fore
1104 565 1334 628 Atheniensibus

243 692 309 734 eum
339 673 581 734 Lacedaemoniis
602 691 663 750 qua
697 676 797 734 esseut
818 689 931 732 summa
964 673 1041 734 inter
1071 689 1104 732 se
1132 673 1331 733 aemulatione

243 782 331 855 atque
352 778 465 839 inuidia
486 797 545 838 non
566 779 753 840 dubitauerat
775 777 888 839 ciuibus
909 778 1034 838 suadere
1056 784 1089 840 ut
1118 779 1227 840 bellum
1254 779 1333 855 quod

243 884 471 944 Lacedaemonii
491 885 663 946 molirentur
683 884 739 960 ipsi
749 883 846 962 palam
857 883 1048 960 susciperent.
1075 883 1217 960 Idemque
1229 884 1332 944 eodem

243 990 395 1050 etiamtum
415 1007 493 1049 anno
515 989 575 1046 430
596 1006 623 1047 a.
647 987 715 1047 Chr.
736 986 907 1064 pestilentia
927 986 957 1046 iu
978 989 1051 1047 urbe
1072 985 1221 1046 hominum
1241 986 1331 1046 reter-

243 1095 356 1155 tissima
387 1099 493 1155 exorta
521 1113 587 1155 cum
614 1111 726 1154 summo
758 1092 886 1152 omnium
915 1091 1012 1152 studio
1042 1093 1178 1152 effectum
1199 1097 1278 1153 esset
1299 1098 1333 1153 ut

242 1202 366 1263 Athenis
404 1203 657 1262 Lacedaemonem
691 1200 783 1274 legati
819 1199 1007 1258 mitterentur
1035 1198 1085 1274 qui
1125 1199 1204 1258 omni
1234 1198 1329 1276 pretio

241 1324 345 1384 pacem
371 1307 503 1368 tacerent
533 1304 776 1366 Lacedaemoniis
809 1321 921 1390 moram
948 1303 1124 1366 facientibus
1150 1305 1331 1364 orationibus

241 1413 302 1472 suis
322 1413 429 1473 itemm
449 1413 557 1489 populo
579 1409 725 1487 persuasit
745 1414 779 1470 ut
800 1410 898 1470 omnia
918 1409 1039 1470 consiha
1063 1409 1145 1486 pacis
1172 1411 1330 1472 omitteret.

241 1517 340 1595 Atque
362 1519 412 1577 illo
433 1518 551 1595 quidem
573 1517 647 1577 duce
668 1533 808 1593 prospere
829 1517 917 1576 rebus
939 1516 1031 1591 gestis
1061 1521 1188 1578 exeunte
1217 1521 1330 1585 aestate

241 1624 310 1682 anni
332 1624 392 1682 429
413 1642 440 1683 a.
468 1623 536 1684 Ohr.
558 1639 751 1699 quaecuuque
773 1608 1003 1682 Lacedaemonii
1026 1623 1122 1682 conati
1142 1628 1228 1682 erant
1250 1626 1330 1682 terra

240 1730 372 1806 marique
392 1746 529 1807 repressa
550 1733 644 1789 eraut.

276 1845 281 1856 ‘
336 1835 449 1896 Pericle
477 1839 576 1895 antem
597 1838 737 1894 autumno
758 1834 889 1894 eiusdem
903 1835 972 1893 anni
989 1835 1159 1911 pestilentia
1174 1837 1329 1912 absumpto

238 1941 393 2003 multitudo
414 1960 490 2018 quae
510 1947 581 2002 tunc
599 1941 630 2000 in
649 1940 800 2018 republica
817 1941 1022 2002 dominabatur
1036 1959 1109 2017 pace
1132 1942 1221 2001 etiam
1235 1942 1330 2018 magis

242 2048 366 2125 explosa
387 2048 508 2108 summis
531 2047 640 2108 uiribus
661 2047 691 2106 in
711 2047 864 2107 tractando
886 2048 964 2107 bello
985 2047 1236 2123 perseuerandum
1263 2065 1329 2108 esse

238 2154 350 2216 stabit.
377 2156 416 2214 Et
436 2155 534 2215 hercle
556 2153 753 2214 Athenienses
774 2171 837 2214 rem
857 2157 918 2212 tam
937 2155 1013 2214 hene
1039 2158 1195 2230 gesserunt
1216 2158 1249 2213 ut
1270 2171 1328 2230 quo

238 2278 315 2320 auno
336 2260 569 2321 Acharneusium
589 2259 689 2322 fabula
719 2260 805 2321 docta
832 2265 877 2320 est
902 2261 1070 2337 pestilentia
1098 2277 1215 2336 quoque
1245 2259 1329 2319 finita

235 2367 401 2443 respublica
421 2366 460 2425 ad
480 2365 651 2426 felicitatem
673 2365 819 2442 quandam
840 2365 961 2426 redacta
981 2365 1141 2426 uideretur.
1178 2367 1257 2425 Nam
1277 2384 1326 2426 ne-

234 2489 292 2546 que
314 2473 344 2532 in
365 2470 496 2547 Corcyra
517 2473 614 2531 insula
633 2488 730 2548 neque
753 2473 895 2532 adversus
915 2472 1076 2548 Mitylenae
1100 2472 1327 2532 Lacedaemonii

235 2577 390 2654 quiequam
411 2579 561 2639 consecuti
582 2582 682 2638 erant:
703 2577 901 2638 Athenienses
917 2595 989 2638 nero
1002 2584 1033 2638 et
1045 2578 1327 2644 exstInototumultu

234 2685 376 2746 Lesbiaco
409 2684 498 2744 maris
527 2684 729 2759 sociorumque
757 2683 912 2760 imperium
934 2684 1028 2760 magis
1049 2684 1138 2744 etiam
1159 2688 1326 2746 corrobora-

233 2793 338 2849 ueraut
359 2794 389 2850 et
410 2807 476 2849 cum
497 2788 670 2864 Corcyraeis
690 2788 811 2849 foedere
832 2794 975 2850 renouato
998 2790 1069 2866 opes
1092 2795 1182 2868 atque
1204 2792 1326 2852 auotori-

233 2900 326 2955 tetem
347 2895 527 2973 reipubHcae
548 2895 635 2956 ualde
657 2900 811 2957 auxerant.
853 2895 960 2972 Neque
982 2898 1116 2958 terrestri
1137 2897 1214 2958 hello
1236 2897 1326 2958 Lace-

233 2999 380 3060 daemonii
401 3019 455 3062 sex
476 3001 561 3063 factis
583 3002 821 3080 expeditionibus
842 3003 977 3079 quamuis
1006 3003 1216 3066 incredibiliter
1237 3003 1326 3064 Athe-

233 3107 351 3168 nienses
378 3111 479 3170 morbo
501 3110 677 3186 grauissimo
697 3109 806 3170 adfecti
828 3114 928 3170 essent
951 3111 1107 3187 quicquam
1136 3100 1327 3188 profuderant

232 3213 289 3271 nisi
310 3215 389 3289 quod
419 3215 637 3276 Plataeensium
668 3233 793 3292 paruum
827 3215 965 3292 oppidum
993 3216 1173 3278 deleuerant.
1217 3215 1327 3276 Contra

234 3318 459 3381 Atheniensium
480 3321 583 3397 copiae
605 3321 693 3380 etiam
705 3325 847 3382 terrestre
861 3323 969 3383 bellum
981 3307 1214 3399 praeclarissime
1227 3340 1326 3399 gesse-

231 3427 299 3483 rant
328 3423 401 3487 duce
428 3425 629 3487 Demosthene
660 3429 711 3504 qui
739 3429 836 3490 hieme
858 3429 927 3488 anni
958 3424 1018 3486 426
1041 3445 1067 3488 a.
1090 3428 1160 3490 Chr.
1192 3427 1326 3491 Athenas

230 3529 324 3590 redux
345 3533 455 3608 templa
474 3533 555 3593 urbis
576 3533 704 3594 hostium
725 3535 825 3612 spoliis
848 3539 1055 3595 exornauerat.

329 3635 406 3710 Quid
428 3638 523 3714 ergo?
543 3657 613 3698 num
635 3640 805 3701 mirabimur
825 3642 902 3702 bello
924 3645 985 3701 tam
999 3660 1140 3719 prospere
1162 3648 1247 3718 gesto
1261 3642 1325 3701 Ari-

229 3741 404 3819 stophanem
425 3743 677 3805 Archarneusium
699 3746 799 3808 fabula
821 3747 1050 3808 Atheniensibus
1064 3766 1324 3824 pecemeommen-

230 3846 316 3908 desse
337 3867 402 3908 cum
423 3849 557 3911 hostibus
586 3868 659 3926 quos
687 3851 728 3910 illi
754 3853 812 3912 iam
841 3853 972 3914 deuictos
1002 3855 1180 3930 cogitatione
1206 3873 1325 3932 praece-

228 3955 307 4031 pisse
328 3951 488 4015 uidentur?
529 3955 650 4016 Minime
680 3975 765 4017 uero:
800 3958 825 4017 si
853 3959 1058 4035 prudentiores
1087 3965 1202 4020 nosmet
1235 3961 1324 4035 uulgo

229 4064 285 4119 isto
307 4059 479 4120 Atheniensi
500 4061 725 4136 cognouerimus
751 4081 808 4140 quo
836 4063 866 4123 in
894 4067 958 4125 loco
987 4083 1020 4126 re
1042 4085 1115 4127 uera
1135 4066 1245 4128 fuerint
1267 4066 1325 4125 illis

229 4166 409 4243 temporibus
430 4167 654 4229 Atheniensium
676 4169 915 4248 Graecorumque
937 4189 993 4236 res.
