3120 4816
712 385 915 450 ...38-

236 561 390 634 corruptos
411 561 441 617 et
461 556 649 634 popularium
669 571 813 632 peruersa
832 555 863 614 in
884 553 1036 631 republica
1062 552 1184 614 consilia
1208 556 1326 612 secutos

233 663 305 724 facit
324 661 533 740 progrediente
554 661 655 723 fabula
682 663 804 724 auctore
829 677 865 720 eo
895 677 983 736 quem
1011 658 1225 736 Aristophanes
1254 657 1325 733 quid

234 769 297 846 ipse
319 768 443 828 sentiret
473 767 606 845 profiteri
633 767 727 827 uoluit
754 766 940 826 adducuntur
968 768 1003 825 ut
1031 763 1156 826 eandem
1176 769 1324 841 postremo

234 877 379 936 rationem
399 873 539 952 optimam
561 880 723 949 sequantur
743 889 833 950 quam
853 872 902 932 ille
919 871 1039 948 quidem
1060 871 1221 932 communis
1234 868 1325 931 Grae·

234 981 298 1042 cias
318 981 562 1055 Athenarumque
584 979 687 1038 salutis
707 978 856 1039 studiosus
877 976 1019 1038 defendit.

334 1087 378 1147 Ac
406 1089 488 1146 certo
522 1083 643 1146 consilio
676 1084 781 1144 ductus
812 1099 970 1162 personam
1000 1083 1082 1144 chori
1112 1082 1325 1159 Aristophanes
1352 1083 1357 1094 '

234 1192 472 1254 Achemensibus
492 1191 631 1267 imposuit
651 1189 831 1250 carbonariis
845 1189 946 1270 „duris
961 1189 1060 1266 ilignis
1077 1182 1256 1250 acernis“⁵⁴.
1277 1189 1325 1250 Illi

158 1337 167 1357 .
234 1297 312 1359 enim
333 1315 458 1374 quorum
476 1313 573 1374 pagus
592 1295 758 1357 Atticorum
778 1295 922 1356 maximus
943 1295 1001 1356 init
1020 1296 1095 1356 adeo
1121 1299 1155 1356 ut
1175 1295 1255 1356 mille
1276 1314 1325 1372 pc-

234 1405 310 1466 dites
341 1403 442 1479 grauis
469 1408 637 1464 armannus
665 1403 696 1461 in
723 1402 826 1462 urbem
857 1396 1042 1464 mitterent⁵⁵
1071 1403 1130 1461 iam
1162 1402 1226 1478 ipso
1255 1400 1325 1462 belli

233 1511 316 1570 initio
337 1528 403 1571 cum
423 1509 524 1569 hostes
545 1523 665 1586 operam
687 1508 792 1568 darent
813 1513 847 1569 ut
867 1509 997 1585 ipsorum
1017 1509 1067 1568 uel
1087 1509 1214 1570 maxime
1237 1527 1325 1586 agros

234 1621 387 1677 uastarent
408 1615 608 1692 efflagitarent
628 1618 662 1675 ut
682 1615 713 1674 in
734 1614 829 1674 aciem
849 1615 978 1676 Pericles
1000 1615 1198 1676 Athenienses
1208 1609 1235 1654 ⁵⁵
1256 1613 1325 1674 edu-

234 1727 324 1784 ceret.
346 1720 433 1795 Quod
446 1725 479 1782 ut
492 1721 605 1782 faceret
626 1720 675 1781 ille
697 1738 756 1797 qua
765 1718 792 1759 ⁵⁷
811 1720 869 1781 fuit
889 1721 980 1780 animi
1000 1721 1166 1782 constantia
1186 1739 1254 1782 cum
1275 1722 1324 1780 ad-

234 1828 339 1889 ductus
359 1847 418 1889 non
440 1833 519 1888 esset
540 1826 639 1887 odium
661 1843 763 1886 eorum
784 1826 927 1886 aduersus
948 1825 1049 1886 hostes
1071 1831 1162 1903 atque
1176 1827 1322 1904 cupiditas

235 1934 393 1995 ulciscendi
413 1939 509 2009 magis
531 1933 620 1994 etiam
641 1938 729 1994 aucta
749 1937 817 1994 sunt
838 1938 928 2010 atque
948 1933 1078 1994 incensa.

332 2040 385 2099 Eis
404 2055 476 2100 nero
498 2038 549 2114 qui
568 2039 599 2098 in
620 2037 843 2099 Atheniensium
857 2037 1042 2100 contionibus
1055 2039 1232 2101 auctoritate
1246 2042 1325 2102 uale-

234 2146 306 2205 bant
326 2144 362 2206 de
382 2147 464 2222 pacis
485 2145 661 2206 necessitate
681 2143 865 2221 persuadere
884 2163 918 2206 re
938 2163 1012 2205 uera
1040 2145 1090 2206 uel
1117 2144 1239 2205 maximi
1268 2145 1323 2206 fuit

234 2250 382 2310 momenti.
406 2250 504 2324 Quare
526 2251 625 2311 multis
645 2267 762 2327 quoque
783 2249 883 2311 uerbis
903 2249 1138 2312 Acharnensium
1158 2253 1323 2313 sententiae

233 2355 415 2417 refelluntur.
449 2357 489 2415 Et
509 2355 694 2417 adducuntur
721 2355 849 2432 denique
870 2362 903 2431 pt
924 2374 1024 2417 omnes
1045 2373 1158 2418 summo
1178 2375 1324 2419 consensu

234 2466 265 2521 et
285 2479 345 2522 una
365 2479 439 2522 noce
461 2461 679 2538 Dicaecpolidis
700 2461 751 2538 qui
769 2477 874 2539 pacem
905 2463 1102 2538 composuerit
1131 2463 1254 2524 consilia
1274 2481 1323 2541 ap-

233 2568 359 2643 probent
379 2565 564 2644 eundemque
586 2586 652 2628 cum
677 2567 787 2644 gaudio
815 2567 1051 2644 clamoribusque
1077 2567 1116 2628 ad
1145 2569 1324 2630 lautissimas

234 2675 337 2749 epulas
357 2678 583 2748 prosequantur.
972 2737 975 2743 ,

333 2777 393 2839 Sed
422 2782 456 2838 ut
489 2778 610 2855 reliquis
637 2778 689 2854 qui
717 2778 747 2837 in
773 2779 894 2840 ciuitate
922 2779 981 2839 sint
1005 2780 1075 2840 belli
1101 2779 1223 2841 studiosi
1258 2799 1323 2857 per-

233 2885 358 2945 suadeat
378 2884 592 2961 Aristophanes
626 2886 711 2962 quasi
743 2885 901 2948 ambitione
935 2885 1063 2963 quadam
1099 2887 1191 2964 ipsius
1224 2888 1325 2965 populi

233 2991 348 3066 gratiae
370 2989 474 3051 ductus
496 3008 562 3052 sese
583 2991 672 3052 choro
694 2992 744 3068 qui
765 2992 796 3052 in
817 2993 968 3053 comoedia
989 2993 1090 3070 populi
1104 2993 1169 3054 nice
1183 2993 1324 3070 iungatur

233 3097 272 3156 ad
301 3096 383 3173 pacis
408 3095 530 3158 consilia
559 3097 695 3158 traducto
729 3117 789 3159 non
819 3117 1001 3176 magnopere
1031 3117 1134 3160 curare
1166 3099 1323 3160 ostendere

232 3203 358 3265 uidetur.

331 3309 431 3384 Atque
461 3308 541 3385 quod
572 3327 705 3370 reuera
733 3309 973 3372 Acharnensibus
1002 3311 1096 3374 doctis
1119 3311 1152 3372 in
1172 3312 1324 3390 republica

231 3415 396 3493 perfectum
417 3420 463 3477 est
484 3417 658 3492 quantulum
678 3416 708 3475 id
737 3434 852 3493 cunque
882 3416 938 3478 luit
962 3418 1156 3478 uehementer
1183 3417 1322 3478 uniuerso

231 3522 341 3599 populo
371 3519 500 3583 fabulam
526 3521 605 3581 illam
631 3524 786 3598 probatam
816 3523 909 3584 fuisse
939 3542 979 3584 ex
1011 3542 1045 3584 eo
1072 3523 1195 3584 iudicari
1225 3529 1325 3602 potest

232 3625 312 3705 quod
332 3629 458 3703 primum
479 3628 507 3688 ei
529 3628 697 3689 certaminis
717 3630 881 3706 praemium
902 3629 1044 3691 tributum
1066 3635 1121 3692 est.
1304 3623 1306 3626 ’

331 3735 395 3792 Iam
416 3750 488 3794 uero
510 3753 600 3795 unum
621 3739 716 3796 restat
736 3735 803 3796 huic
825 3735 1025 3813 disputationi.

332 3907 357 3945 ⁵⁴
374 3904 443 3961 Aob.
463 3905 514 3960 180
531 3919 573 3974 sq.

332 3993 356 4030 ⁵⁵
374 3989 460 4047 Thuc.
476 3989 505 4045 II
522 3989 565 4044 19.

332 4078 356 4117 ⁵⁶
373 4075 459 4130 Thuc.
478 4075 506 4130 II
523 4075 634 4132 19-21.
651 4076 724 4132 Plut.
741 4078 802 4132 Per.
819 4077 861 4132 32.

332 4165 356 4202 ⁵*
373 4161 444 4217 Ach.
463 4162 521 4220 528.
541 4162 605 4219 Pac.
622 4162 681 4218 502.
700 4164 758 4220 008.
778 4165 964 4222 1001.Th.1.
984 4167 1042 4222 139.
1061 4166 1171 4222 140-4.
