3120 4816
604 407 903 470 ...4-

247 571 375 634 acriores
400 575 510 649 passim
538 575 597 634 iam
623 574 773 650 cognitum
800 574 937 634 habuisse
959 574 1117 636 uerisimile
1140 581 1192 635 est.
1237 575 1336 650 Atque

247 683 360 738 tantam
389 679 594 740 auctoritatem
622 680 716 741 tribus
742 679 807 740 istis
838 679 996 739 comoediis
1023 684 1197 742 consecutus
1231 683 1275 740 cst
1305 684 1337 738 ut

247 803 306 845 non
327 785 413 846 modo
435 803 537 845 omncs
558 787 595 845 ab
618 804 653 846 co
674 790 814 862 peterent
834 791 867 846 nt
888 803 976 861 quam
997 790 1059 845 tum
1079 787 1109 845 in
1132 787 1266 846 manibus
1286 785 1336 844 ha-

245 893 336 954 bebat
355 892 485 953 fabulam
506 892 646 970 Equitum
658 887 683 930 1⁷
714 909 766 952 suo
793 884 885 968 ipsius
915 891 1033 952 nomine
1061 892 1092 952 in
1113 911 1250 952 scaenam
1270 911 1335 968 pro·

245 998 367 1060 duceret
387 1001 439 1059 sed
460 1000 549 1059 otiam
571 999 666 1060 eidem
690 999 731 1058 illi
758 999 808 1074 qui
829 999 898 1059 olim
916 1004 1066 1085 metuerat
1090 1003 1124 1058 ut
1154 998 1274 1059 chorum
1296 1000 1333 1058 ab

245 1103 385 1164 archonte
414 1105 585 1182 impetraret
605 1105 721 1182 publice
753 1105 858 1165 chorus
888 1106 1017 1166 daretur.
1053 1104 1150 1177 Quare
1172 1105 1250 1182 qnod
1271 1105 1334 1163 Ari·

244 1211 403 1286 stophanes
423 1211 454 1270 in
474 1210 685 1286 posterioribus
707 1211 865 1270 comoediis
886 1229 918 1271 se
939 1213 1053 1271 illarum
1081 1211 1246 1291 fabularum
1268 1229 1334 1272 auc-

243 1320 339 1376 torem
374 1319 501 1379 libenter
540 1324 630 1394 atque
669 1338 736 1380 cum
770 1320 874 1395 spiritu
913 1320 1040 1395 quodam
1081 1318 1234 1396 praedicat
1275 1337 1333 1378 non

243 1422 422 1483 mirabimur.

342 1531 488 1591 Fanorem
510 1536 609 1592 autern
638 1532 718 1591 illum
744 1531 957 1608 Aristophanes
985 1532 1174 1607 omniumque
1203 1531 1331 1591 studium

242 1641 416 1696 consecutus
437 1641 502 1696 erat
522 1655 588 1696 oum
609 1642 672 1696 arte
685 1636 845 1712 insigniore
866 1655 925 1713 qua
938 1639 996 1697 iarn
1015 1638 1125 1713 primas
1138 1638 1204 1703 illas
1217 1636 1332 1697 fabulas

241 1747 447 1832 composuerat
468 1746 531 1802 tum
552 1743 600 1803 uel
621 1743 749 1803 maxime
777 1749 951 1819 argumento
981 1761 1082 1802 earnm
1110 1742 1274 1803 fabularum
1296 1761 1331 1802 ac

240 1847 304 1908 fere
324 1867 403 1910 nona
423 1867 522 1910 rorum
541 1850 726 1910 tractatione.

298 1975 299 1980 ¹
340 1955 487 2033 Principio
516 1956 593 2016 enim
620 1955 720 2016 Attica
747 1956 900 2017 comoedia
913 1952 938 1992 1⁸
965 1955 1049 2032 qnasi
1078 1957 1154 2015 ultro
1175 1962 1330 2031 procreata

241 2079 279 2122 ex
310 2064 456 2123 communi
489 2063 589 2140 populi
622 2062 736 2123 ridendi
769 2062 974 2139 inridendique
1002 2061 1098 2122 stndIo
1133 2062 1205 2121 nihil
1232 2061 1329 2122 suerat

240 2168 297 2228 ulsi
317 2169 439 2230 ridIcula
461 2171 606 2244 quaedam
616 2203 656 2212 -
670 2174 703 2229 ut
716 2169 797 2239 lmus
811 2173 841 2228 et
855 2173 970 2245 tempus
981 2168 1117 2230 ferebant
1135 2199 1165 2208 -
1179 2169 1328 2228 hominum

241 2294 398 2351 rerumque
420 2277 631 2336 cotidianarum
652 2276 784 2336 imitatIo.
827 2274 908 2347 Quas
933 2292 1005 2336 uero
1034 2280 1143 2352 po'c'tae
1170 2281 1233 2336 tum
1262 2295 1327 2334 con·

240 2381 419 2459 scripserunt
441 2382 606 2443 comoedias
628 2382 731 2442 melius
747 2381 936 2457 descripseris
950 2381 1062 2441 ludicra
1076 2382 1160 2457 quasi
1181 2383 1326 2457 quaedam

240 2492 269 2547 et
290 2488 402 2548 lasciua
423 2487 553 2547 carmina
573 2486 672 2546 fuisse.
699 2487 777 2545 Nam
798 2487 938 2550 iocularia
958 2492 1073 2547 tantum
1094 2489 1187 2547 secuti
1209 2492 1238 2546 et
1260 2488 1327 2546 ridi-

237 2595 304 2653 cula
324 2611 401 2668 quae
421 2593 529 2669 frigida
550 2593 621 2652 satis
643 2611 732 2669 saepe
754 2597 783 2652 ct
813 2593 913 2668 lepore
945 2590 1086 2652 destituta
1113 2598 1197 2652 erant
1218 2598 1326 2668 poetae

238 2700 287 2758 isti
307 2701 338 2758 in
359 2705 533 2775 argumento
555 2697 669 2759 abiecto
691 2703 781 2773 atque
802 2696 901 2756 humili
924 2697 997 2758 etin
1018 2698 1113 2759 foedis
1134 2699 1182 2758 uel
1197 2699 1325 2760 maxime

237 2809 327 2881 atque
347 2805 463 2866 incultis
484 2806 573 2865 rebus
600 2805 796 2865 uersabantur
819 2835 856 2844 -
879 2802 999 2863 nimium
1029 2804 1115 2863 unius
1141 2805 1224 2880 uulgi
1244 2806 1325 2880 plau-

236 2929 300 2971 snm
322 2916 485 2987 captantes.

336 3016 401 3090 Quo
421 3018 531 3078 factum
552 3023 647 3078 estut
669 3016 771 3078 eodem
798 3023 931 3094 tempore
959 3036 1018 3093 quo
1043 3049 1078 3058 ·-
1101 3019 1324 3080 Atheniensium

235 3123 339 3183 animis
361 3124 439 3184 omni
453 3123 588 3201 politiore
604 3124 751 3199 elegantia
767 3123 885 3183 imbutis
902 3155 941 3164 -
957 3119 1111 3198 tragoedia
1127 3127 1164 3185 ab
1175 3124 1324 3202 Aeschylo

235 3235 265 3290 et
286 3231 324 3290 ab
345 3229 488 3306 Sophocle
509 3228 641 3305 perfecta
664 3231 728 3288 erat
748 3228 900 3288 comoedia
921 3229 1073 3288 etiamtum
1101 3235 1268 3307 contempta
1289 3251 1324 3291 ac
1430 3261 1434 3270 ·

235 3336 315 3396 nullo
336 3353 459 3396 numero
481 3339 568 3394 esset.
612 3333 708 3407 Quam
729 3334 804 3394 adeo
829 3333 975 3394 iacentem
997 3335 1175 3395 comoediam
1203 3337 1324 3398 Perlolis

234 3443 361 3519 denique
383 3446 481 3502 aetate
503 3440 640 3501 Cratinus
662 3445 692 3501 et
720 3439 771 3515 qui
799 3458 911 3500 summo
941 3441 1037 3504 studio
1062 3461 1128 3503 cum
1150 3462 1186 3503 eo
1208 3461 1323 3504 concer-

233 3551 317 3609 tabat
345 3549 466 3625 Eupolis
477 3544 502 3584 ¹⁹
532 3548 587 3608 etsi
618 3547 747 3607 nondum
773 3547 811 3606 ad
841 3548 1012 3624 tragoediae
1042 3549 1253 3624 perfectionem
1275 3537 1344 3609 rex-⁹

232 3656 362 3716 tulerunt
388 3660 487 3715 tamen
515 3653 552 3713 ad
578 3653 742 3730 politiorem
769 3653 981 3714 humanitatem
1008 3659 1194 3714 reuocarunt.
1237 3654 1322 3728 Quod

330 3835 353 3869 tr

330 3917 354 3956 ¹⁸
370 3829 566 3983 IIZspIogbsgq.
587 3914 653 3968 1019
671 3930 711 3982 sq.
730 3914 800 3968 Nuh.
818 3913 869 3968 946
883 3929 923 3984 sq.
939 3913 972 3970 cf.
987 3887 1019 3970 V
1041 3903 1082 3966 ἄν.
1101 3933 1130 3966 π.
1152 3931 1219 3983 aurp.
1239 3918 1321 3982 §hin

228 4000 331 4070 Bergk.
350 4002 397 4057 Ar.
415 4002 458 4055 ed.
475 4001 509 4054 11.

329 4099 351 4136 ¹9
369 4092 404 4148 of.
421 4093 450 4147 in
468 4092 570 4162 Bergk.
589 4092 631 4147 ed.
651 4091 700 4146 Ar.
710 4091 745 4146 ll.
755 4091 822 4160 prol.
834 4092 867 4148 dc
885 4108 955 4147 conr.
973 4092 1007 4146 ll.
1026 4098 1041 4156 ξ
1060 4095 1194 4150 1-3.lll.
1214 4097 1263 4158 §b
1279 4096 1319 4150 11.

228 4186 267 4238 12.
286 4185 362 4241 VIII.
380 4188 447 4252 516.
470 4188 512 4240 24.
