3120 4816
697 373 898 435 ...10-

349 540 498 600 Institutio
520 544 619 599 autem
639 539 801 599 iuuentutis
823 541 933 617 optima
962 541 1012 600 illa
1040 540 1158 616 quidem
1180 542 1342 616 antiquitus

249 665 337 724 quam
359 652 497 722 corrupta
518 650 597 706 esset
618 647 683 722 ipsa
703 647 854 724 republica
876 648 981 708 misere
1004 649 1219 724 deprauata-
1235 647 1341 707 iterum

248 773 282 814 ac
303 753 422 829 saepius
444 753 533 812 etiam
555 753 585 811 in
605 753 817 828 posterioribus
838 753 996 813 comoediis
1009 754 1161 829 professus
1185 758 1239 814 est.
1262 733 1340 812 biam

248 877 314 919 cum
343 859 380 918 ad
407 859 539 934 publicas
572 877 621 918 res
651 857 799 934 gerendas
835 860 957 918 iuuenes
987 859 1111 918 Athenis
1145 859 1342 919 educarentur

248 967 350 1042 quales
370 983 488 1040 quoque
509 970 641 1040 ternpore
665 971 749 1025 crant
770 965 900 1025 rationes
922 966 1023 1026 ciuiles
1044 966 1111 1025 talis
1132 965 1188 1024 luit
1204 965 1340 1024 educatio

248 1072 416 1146 iuuentutis.
460 1069 558 1142 Quare
585 1074 618 1130 ut
644 1071 772 1146 antiquis
798 1072 980 1148 temporibus
1009 1072 1147 1131 iuuentus
1176 1071 1214 1128 ad
1240 1071 1340 1144 logum

248 1195 418 1254 morumque
440 1176 657 1238 oboedientiam
678 1177 813 1236 instituta
835 1181 898 1256 erat
919 1177 961 1236 ita
978 1177 1160 1252 temporibus
1173 1176 1244 1236 belli
1258 1175 1341 1235 Pelo-

247 1283 416 1361 ponnesiaci
437 1300 502 1342 cum
524 1283 652 1342 omnium
672 1281 826 1341 libidinum
851 1287 941 1357 atque
973 1282 1157 1357 uoluptatum
1186 1281 1340 1340 maturitas

248 1390 393 1464 erupisset
415 1420 452 1428 -
474 1389 598 1448 iuuenes
628 1387 824 1462 sophistarum
850 1387 982 1463 inprimis
1013 1386 1166 1460 disciplina
1195 1386 1233 1444 ad
1253 1387 1340 1446 licen-

246 1495 318 1553 tiam
339 1494 389 1554 uel
410 1495 535 1552 maxime
558 1497 648 1568 atque
669 1492 861 1568 cupiditatem
883 1492 1031 1551 informati
1053 1495 1129 1552 sunt.
1152 1490 1217 1565 Quo
1231 1493 1340 1552 factum

248 1605 294 1660 est
314 1604 346 1660 ut
366 1599 452 1659 huius
475 1599 581 1658 aetatis
603 1599 740 1658 iuuentus
761 1603 878 1658 sanctos
899 1599 964 1657 illos
978 1598 1121 1657 maiorum
1135 1616 1231 1657 mores
1250 1601 1339 1672 atquo

247 1707 298 1781 qui
328 1705 400 1781 ipsis
426 1704 484 1764 illis
509 1705 639 1766 moribus
671 1703 831 1774 etiamtunc
858 1703 961 1762 imbuti
992 1707 1076 1761 erant
1108 1703 1238 1762 seniores
1260 1688 1340 1763 uiros

247 1814 340 1872 bonos
361 1810 526 1886 despiceret
541 1813 571 1869 et
585 1809 614 1868 id
625 1827 715 1868 unum
736 1827 827 1884 agens
849 1812 882 1868 ιιι
904 1808 1037 1867 omnibus
1057 1809 1149 1868 rebus
1161 1809 1293 1868 ciuilibus
1308 1828 1339 1868 se

248 1917 423 1976 immisceret
444 1916 516 1974 nihil
537 1915 685 1990 antiquius
706 1914 830 1974 haberet
851 1932 940 1989 quam
965 1919 998 1973 ut
1023 1914 1109 1974 istam
1137 1915 1197 1973 uim
1224 1915 1339 1974 dicendi

246 2024 475 2098 facultatemque
507 2022 561 2081 sibi
590 2024 709 2096 pararet
736 2037 796 2096 qua
827 2020 863 2079 de
894 2019 1027 2080 omnibus
1058 2023 1147 2081 rebus
1181 2021 1339 2096 propositis

247 2129 332 2188 facilc
354 2129 448 2188 uerba
467 2127 566 2186 facero
586 2133 696 2204 posset.

346 2233 433 2306 Quod
463 2251 528 2292 cum
555 2233 735 2312 reipublicae
764 2234 894 2293 moribus
927 2232 1098 2308 depravatis
1131 2233 1206 2293 adeo
1238 2233 1339 2293 immu-

246 2347 337 2402 tatam
364 2340 478 2400 illam
471 2345 530 2399 rnst
518 2341 685 2399 titutionem
711 2339 846 2400 iuuentut
814 2340 873 2398 uis
904 2339 969 2399 et
961 2357 1056 2415 rpsam
1088 2357 1189 2398 rursus
1218 2340 1257 2398 ad
1278 2358 1338 2398 cor

246 2447 438 2547 rumpendam
460 2449 492 2506 ct
511 2445 597 2521 quasi
620 2445 839 2538 deperdendam
865 2463 981 2504 omnem
1008 2446 1101 2504 vitam
1132 2447 1278 2522 priuatam
1309 2451 1338 2505 et

245 2553 393 2630 publicam
414 2553 464 2612 nol
484 2551 640 2626 plurimum
662 2553 791 2612 ualuisse
814 2550 932 2626 saepius
953 2551 1023 2610 alibi
1044 2551 1194 2626 professus
1216 2553 1254 2610 sit
1241 2551 1338 2610 tAri-

246 2659 405 2736 stophanes
436 2658 573 2734 equidem
601 2675 707 2718 censeo
731 2676 797 2718 eum
821 2657 939 2717 etiam
931 2675 962 2714 1n
984 2659 1062 2716 Daet
1050 2657 1207 2715 talensium
1228 2657 1336 2732 fabula,

245 2765 379 2841 quamuis
396 2763 614 2840 angustioribus
627 2764 767 2824 'terminis
782 2769 988 2839 argumentum
1010 2762 1073 2822 eius
1088 2763 1337 2838 circumscriptum

188 2903 190 2906 ·
244 2871 390 2950 uideatur,
414 2891 431 2932 e
451 2871 572 2932 consilio
600 2890 653 2932 suo
674 2872 792 2947 poetico
821 2871 989 2931 uniuersam
1018 2869 1219 2930 condicionem
1240 2887 1338 2929 rerum

243 2978 426 3053 priuatarum
448 2979 689 3053 publicarumque
711 2981 780 3037 ante
803 2978 902 3036 oculos
923 2975 1119 3053 spectantium
1132 2975 1338 3051 proposuisse:

244 3063 413 3159 quanquam
434 3100 511 3159 quae
533 3082 572 3144 ad
593 3083 687 3160 ipsam
708 3083 825 3142 fabulae
848 3081 993 3142 actionem
1015 3079 1142 3140 attinent
1163 3079 1339 3156 paucissima

244 3193 359 3249 tantum
382 3194 494 3249 extant.

344 3296 427 3370 Quae
448 3301 548 3356 autem
570 3297 724 3372 explorata
744 3295 887 3354 habemus
908 3294 982 3354 hacc
1003 3293 1066 3354 lere
1088 3299 1163 3354 sunt.

343 3405 460 3464 Nomen
478 3421 562 3462 suum
584 3402 684 3464 iabula
705 3401 929 3460 Daetalensium
950 3419 969 3459 a
990 3401 1079 3461 choro
1111 3401 1225 3478 accepit
1248 3403 1338 3462 homi-

243 3529 312 3568 num
333 3510 496 3586 intemplo
518 3509 655 3568 Herculis
678 3508 878 3584 epulantium:
900 3508 1072 3584 producitur
1090 3513 1188 3568 autem
1209 3509 1239 3566 in
1261 3522 1339 3568 scae·

243 3631 310 3674 nam
321 3633 413 3675 senex
424 3615 544 3691 quidam
555 3616 826 3690 bonusprobusque
835 3613 886 3690 qui
896 3614 1021 3674 filiorum
1034 3645 1063 3656 -
1077 3633 1201 3690 quorum
1214 3615 1339 3672 alterum

242 3723 304 3798 ipse
327 3722 387 3780 ruri
420 3721 601 3780 educauerat
631 3720 795 3781 alterum
787 3739 817 3778 m
849 3722 923 3781 urbe
954 3721 1087 3781 omnibus
1109 3719 1229 3778 summis
1250 3721 1339 3779 rebus

244 3829 327 3888 instit
291 3828 457 3887 tituendum
479 3832 698 3887 ourauerat.-
721 3826 934 3887 scientiamt
901 3829 948 3886 litt
936 3833 1066 3886 terarum
1094 3830 1230 3902 ttatemp
1273 3825 1340 3899 Qua

243 3934 272 3990 in
294 3951 327 3991 re
350 3933 379 3992 in
400 3932 473 4004 urbe
495 3932 651 3992 educatum
671 3931 762 3992 filium
788 3928 1006 4007 „Karantyov“
1037 3931 1089 4007 qui
1114 3931 1306 3991 admodum
1298 3951 1340 3990 rn-

244 4038 368 4114 signiter
388 4042 510 4098 uocatur
530 4039 651 4098 Homeri
673 4037 802 4097 carmina
823 4039 898 4097 male
921 4038 1039 4112 cognita
1059 4037 1169 4098 habere
1192 4039 1244 4098 sed
1262 4039 1339 4114 juris

245 4145 345 4224 Attici,
374 4145 488 4206 Solonis
521 4147 551 4206 in
582 4147 697 4224 legibus
717 4145 857 4224 loquendi
880 4146 1117 4225 consuetudinis,
1140 4146 1271 4208 omnium
1292 4149 1340 4209 do-
